2438 4470
959 178 964 188 .
1097 114 1129 191 r:

7 240 56 333 l
97 239 180 321 3¹6
453 220 597 316 helesin
624 221 786 303 militana

16 439 22 465 .
87 386 271 473 ludovici
301 387 508 470 Germanic-i
529 388 676 488 posteris
705 398 888 466 extortam
904 387 991 466 telle
1016 384 1129 488 Regi.

92 525 192 580 none
215 504 248 578 vi
276 505 353 580 auri
375 502 623 600 comparavit-3
661 500 742 600 post
769 501 909 578 obitum
941 523 1029 579 vero
1058 502 1133 579 Ca«

92 613 161 691 roll
179 613 289 693 Crassi
304 612 432 692 Roma
453 612 688 689 deliberatum
706 611 776 698 est,
808 611 853 688 de
872 613 1045 712 eligendo
1063 619 1131 690 im

12 762 14 768 v
93 716 300 827 posterum,
334 726 458 825 aliquo
493 723 599 801 ltalia
626 723 753 822 regulo
773 747 855 800 cum
891 727 1132 826 imperatorio

92 837 223 921 titulo,
247 839 340 914 telle
355 837 534 934 Sigonio:
560 836 848 937 prodieruntque
867 835 940 912 fic
932 861 969 912 m
987 838 1130 918 scenam

65 1015 68 1020 .
94 947 221 1027 Guido
242 964 278 1024 et
299 945 511 1027 Lambertus
541 947 632 1024 silius
658 952 758 1034 eius,
804 949 890 1025 dum
915 964 1044 1026 contra
1069 973 1133 1027 ex

94 1058 211 1161 pulso
219 1058 336 1139 Roma
371 1059 543 1138 Guidooe
578 1059 813 1160 Arnulphus,
836 1064 907 1136 iarn
937 1085 993 1136 an.
1037 1075 1127 1153 887.

65 1171 232 1251 .Carolo
261 1170 386 1252 Crasso
410 1190 590 1270 patrona
606 1175 816 1273 proceribus
851 1171 1102 1250 Germaniae
1092 1197 1129 1250 rn

94 1301 280 1363 conventu
299 1283 531 1364 Francosord.
547 1286 585 1361 lo
601 1283 828 1360 consortium
846 1287 988 1392 imperii
1007 1285 1130 1375 datus,

96 1393 225 1479 Rornae
247 1422 302 1476 an
331 1409 423 1488 889.
453 1411 654 1480 coronatur
676 1420 696 1471 a
712 1421 831 1500 papa·

178 1607 415 1689 Meminimus
445 1610 490 1686 ad
515 1609 674 1718 seculum
689 1607 862 1709 superius
886 1606 988 1688 Vlll.
1030 1609 1134 1711 pseu·

95 1719 339 1824 donymarum
386 1721 616 1822 epistolarum
675 1721 905 1798 decretalium
961 1726 1138 1822 priorum-

95 1833 313 1935 pontificum
351 1832 635 1920 Romanorffunr
696 1857 784 1933 quas
816 1833 874 1908 alii
906 1835 1132 1932 probabilius

94 1945 140 2021 ad
172 1949 269 2024 initia
301 1945 409 2024 huius
452 1945 556 2024 seculi
594 1943 662 2026 lX.
714 1943 953 2044 aRiculpho
973 1946 1133 2047 archiep.

96 2054 330 2156 Magantino
355 2078 398 2142 ex
425 2052 763 2156 Hispania-allatas,
808 2072 847 2134 ut
870 2057 991 2136 scribit·
1018 2057 1135 2136 Hin'c-

96 2193 218 2247 marus
245 2167 453 2248 Rhemensrs
478 2172 515 2244 in
537 2169 718 2269 opusculo
746 2184 870 2246 contra
900 2187 1074 2269 nepotem
1099 2194 1132 2251 c,

69 2301 162 2373 a4.
192 2298 300 2382 atque
326 2285 363 2356 in
387 2281 504 2358 lucem
528 2281 717 2379 produtlas
748 2281 975 2376 exillimant3
1006 2282 1060 2360 hae
1078 2285 1135 2380 ip..

31 2472 36 2481 ,
82 2392 138 2470 sae
159 2392 371 2469 decurrente
388 2394 517 2469 eodem
537 2394 658 2472 seculo
680 2391 746 2470 lX.
769 2393 830 2469 sub
855 2394 1013 2470 Nicolao
1039 2394 1063 2472 Ι.
1092 2392 1133 2472 Ρ.

14 2548 19 2557 ·
96 2505 134 2583 in
166 2504 471 2592 controversum,
514 2530 590 2582 non
621 2529 711 2580 vero
736 2504 804 2603 ipsa
841 2503 881 2582 R.
912 2504 949 2582 ll.
993 2504 1134 2583 in'Ec-

96 2615 208 2696 clehae
230 2619 407 2717 regimine
439 2618 656 2704 auctoritas,
698 2616 858 2693 deduslae
889 2617 1039 2695 suntab
1069 2642 1132 2694 eo-

97 2729 180 2806 dem
214 2728 416 2809 Hincmaro
441 2729 634 2816 Rhemenst
650 2729 804 2827 archiep.
832 2745 868 2804 et
891 2728 966 2804 aliis
993 2729 1134 2829 episco.

97 2847 152 2942 pis
177 2841 370 2920 Gallicanis
387 2845 422 2919 in
441 2843 571 2919 celebri
602 2841 703 2918 causa
720 2838 879 2917 Rothadi
906 2840 1134 2918 Suelllonen-

97 2951 140 3030 hs
157 2955 333 3054 episcopi,
363 2970 405 3032 ut
422 2956 514 3032 adeo
536 2955 697 3031 causandi
727 2970 920 3051 tantopere
942 2957 1035 3032 ratio
1052 2978 1133 3030 non

91 3064 168 3151 sat,
197 3064 316 3166 quali,
348 3072 493 3144 nemine
516 3066 797 3168 supposrtionem
817 3067 1052 3152 advertente,
1087 3066 1134 3142 ad

96 3179 218 3279 polita
249 3179 358 3280 usque
396 3196 560 3280 tempora
585 3178 652 3255 sese
682 3176 934 3254 insinuaverint
959 3181 998 3254 iu
1038 3177 1136 3280 poli.

98 3294 185 3367 tiam
203 3289 476 3373 ecclesrallicam.
538 3282 578 3369 ld
599 3309 739 3399 porro,
757 3290 934 3390 quidquid
961 3288 1027 3378 sat,
1056 3315 1132 3373 cer-

99 3415 136 3478 te
165 3399 325 3480 Ecclesia
352 3403 526 3480 llonrauae
557 3426 783 3503 nequaquam
809 3402 923 3480 fra-udi
944 3400 1040 3491 elle,
1072 3415 1133 3486 aut

99 3513 173 3590 dari
192 3515 305 3613 culpa
330 3517 471 3615 potest:
516 3532 556 3592 ut
583 3518 678 3590 eninr
704 3513 795 3589 nihil
818 3515 937 3593 dicam
967 3515 1014 3593 de
1039 3513 1133 3592 Dio-

98 3624 186 3729 nysii
216 3623 351 3724 Exigui
369 3627 495 3702 codice
524 3650 711 3702 canonum>
736 3623 899 3724 Ecclesrae
933 3615 1133 3713 Rhmanae,

96 3762 207 3838 quern
232 3735 376 3812 nonnisi>
393 3740 559 3834 genuinis
576 3737 809 3814 decretalibus
826 3740 968 3816 nullum
981 3737 1130 3816 Hadria-

99 3875 166 3927 nus
184 3849 205 3922 l.
237 3847 272 3923 P.
297 3847 439 3925 Catulo·
461 3847 513 3924 Μ.
545 3854 621 3946 tegi
645 3848 851 3946 transmisit,
874 3849 955 3928 leco
971 3850 1034 3930 lV.
1068 3853 1134 3928 cie·-

97 3959 317 4044 eumedium
337 3959 404 4042 seo..
425 3959 498 4049 lX..
524 3962 712 4041 consultus
725 3963 774 4038 ab
794 3963 975 4065 epihopis·
995 3961 1152 4060 Angla.

988 4140 994 4149 .
1032 4076 1079 4153 de
