2400 4478
114 233 198 312 264
467 208 610 309 Ecclesia
635 211 796 290 militans

116 439 140 476 ‚,
170 379 363 476 pestilentia
385 379 443 454 isi-a
469 374 696 475 (ludorum)
730 372 903 475 possedit,
936 389 1052 477 atque
1079 377 1162 457 inda

99 549 143 586 .„
171 492 353 590 fugientes
376 490 634 588 Carthaginem
656 491 846 589 pervenire
867 503 1100 588 potuerunt,
1133 496 1164 570 iu

119 660 144 699 „
174 603 318 680 theatris
339 602 503 702 quotidie
524 605 685 678 certatim
703 602 1022 699 prohistriunibua
1039 604 1163 680 insani·

119 773 143 810 „
172 736 253 791 rent
271 771 305 807 ‚‚.
337 713 422 790 Haec
443 713 503 789 ille
530 714 590 788 lib.
617 713 640 790 s.
671 714 715 788 de
734 717 827 788 civit.
860 711 944 790 Dei.
976 739 1011 791 c.
1047 735 1114 804 32.
1133 733 1179 794 et.

68 896 72 902 .
119 851 211 904 mox
227 852 258 904 c.
292 846 353 915 33.
385 827 425 901 rie
444 827 546 902 viriis
563 824 820 910 Romanorum,
852 847 936 920 quos
948 832 1170 920 putriaenon'
1191 891 1194 900 .

118 941 281 1015 correxit
294 937 434 1032 evetfiu,
455 939 539 1022 alia,
559 963 638 1035 quae
657 941 724 1012 iarn
746 936 847 1035 supra
865 937 1078 1016 retulimus.
1095 941 1155 1018 Sas-
1191 967 1194 1031 t

118 1072 246 1128 vranus
259 1076 344 1126 tero
362 1051 406 1126 de
424 1053 626 1145 municipiis
644 1051 748 1125 etiam
766 1046 971 1134 Romanis,
1007 1076 1150 1152 quaeuur

117 1167 272 1263 propius
286 1165 491 1259 attingunt,
523 1166 622 1261 isque
647 1159 713 1236 suis
741 1160 858 1238 oculis
877 1162 1001 1247 vidit,
1035 1166 1155 1240 lamen.

117 1289 224 1352 tatur.
286 1276 337 1351 Ac
353 1275 499 1373 quidem
523 1271 676 1349 deludis
693 1296 821 1370 agens,
854 1270 916 1348 sibi
944 1274 1062 1352 veluti
1078 1280 1167 1374 obit..

115 1391 233 1464 aiens:
264 1387 367 1478 „Sed
383 1385 566 1469 videlicet,
584 1389 657 1480 (ait
676 1382 923 1484 u)responderi
936 1385 1020 1464 hoc
1033 1391 1172 1493 potest„¹

118 1555 143 1592 „
171 1523 245 1575 non
275 1502 310 1573 in
332 1499 502 1574 omnibus
533 1498 608 1574 haec
632 1495 885 1574 Romanorum
914 1502 1070 1578 urbibus
1090 1504 1144 1600 agi.
1192 1570 1194 1578 .

119 1668 142 1704 ‚,
173 1610 311 1688 Verum
335 1613 394 1706 eib
455 1609 568 1687 Etiam
595 1609 677 1708 psus
696 1633 767 1706 ego
792 1608 912 1695 addo,
946 1636 997 1689 ne
1020 1613 1142 1713 quidem
1189 1630 1194 1689 t

119 1779 143 1816 ,‚
175 1745 273 1798 nunc
291 1725 372 1821 agi,
391 1725 452 1798 ubi
470 1721 607 1819 semper
624 1722 695 1798 asta
717 1721 925 1796 suntantea.
959 1723 1136 1802 Noneuin
1190 1729 1194 1800 i

119 1891 143 1928 „
174 1835 246 1910 hnc
261 1840 378 1930 agitur
393 1838 461 1907 iam
481 1837 516 1908 in
533 1831 887 1930 moguntiacensium
907 1839 1075 1930 civitate3
1099 1833 1141 1912 sed
1192 1893 1194 1927 ,

120 2002 144 2039 „
168 1949 251 2045 quia
268 1945 382 2020 excisa
409 1961 515 2043 atque
530 1945 644 2033 deleta
669 1946 726 2021 est.
787 1945 875 2022 Nun
896 1949 1023 2046 agitur
1036 1950 1155 2048 Agrip-s
1187 2004 1194 2039 ,

120 2113 144 2151 ,‚
175 2060 289 2156 pinae,
316 2056 373 2131 sed
395 2061 477 2155 quia
495 2056 655 2132 hostibus
677 2059 789 2150 piena.
823 2056 912 2134 Non
936 2063 1059 2158 agitur
1071 2060 1139 2137 Tre·
1178 2068 1194 2149 ⁴,

120 2225 145 2264 „
176 2173 336 2243 virorum
353 2171 440 2242 urbe
455 2168 743 2244 excellentissima
761 2193 771 2259 3
803 2169 859 2243 sed
876 2175 961 2270 quia
978 2175 1137 2273 quadrup
1189 2181 1194 2246 i

120 2336 143 2372 „
174 2279 233 2354 liei
249 2282 297 2354 est
322 2279 502 2355 eversione
517 2281 697 2377 prostrata.
758 2279 846 2356 Nou
864 2287 989 2379 agitur
1010 2287 1139 2384 deniqne
1188 2309 1194 2357 t

120 2448 145 2485 „
175 2393 210 2466 in
236 2393 398 2489 piurimis
434 2392 630 2468 Galliarum
652 2394 801 2467 urbibus
829 2411 865 2469 et
890 2393 1138 2494 Hispaniarum.
1189 2454 1194 2485 2

121 2559 145 2599 ,,
177 2501 219 2579 Et
244 2505 326 2579 ideo
355 2529 405 2580 vae
426 2507 555 2590 nobis,
586 2523 694 2603 arque
720 2507 992 2603 impuritatibus
1015 2509 1137 2590 nostris.
1189 2565 1194 2598 ‚

121 2673 144 2709 „
177 2639 225 2692 vae
245 2619 350 2691 uobis
368 2632 476 2716 atque
498 2619 745 2718 iniquitatibus
761 2617 908 2694 nostris!
969 2620 1068 2714 Quae
1083 2621 1140 2718 sper
1193 2680 1194 2687 ,

118 2783 143 2821 ,‚
173 2730 368 2804 christianis
379 2730 631 2827 plebibusante
643 2727 762 2805 Deum
775 2731 835 2815 est,
850 2733 1141 2833 quandoquidem

119 2897 142 2933 „
171 2864 215 2914 ex
238 2842 301 2915 iilo
330 2861 495 2939 tempore
518 2844 554 2916 in
581 2844 728 2917 urbibus
750 2840 925 2917 Romanis
955 2845 1036 2922 haec
1071 2843 1141 2918 mair
1191 2901 1194 2934 ÷

118 3008 142 3044 ‚,
174 2977 249 3026 non
271 2955 369 3037 sunt,
403 2978 447 3028 ex
476 2978 551 3052 quo
577 2957 612 3028 in
637 2956 871 3029 barbarorum
902 2958 980 3031 iure
1000 2956 1160 3062 effecoes
1192 3013 1194 3045 ,

117 3118 140 3159 „
171 3065 327 3160 petunt?
350 3066 401 3141 Ac
419 3090 481 3164 per
502 3066 573 3140 hoc
592 3065 780 3150 vitiofitas,
800 3072 1060 3166 etimpuritas,
1074 3092 1142 3169 qua·
1191 3124 1194 3159 ,

119 3231 142 3267 „
173 3172 197 3248 fi
213 3181 429 3272 germanitas
445 3179 606 3276 quaedam
627 3180 675 3252 est
692 3177 948 3254 Romanorum
965 3182 1142 3257 homiuum
1190 3237 1194 3271 ,

117 3344 141 3380 „
173 3289 231 3361 &c
251 3346 284 3378 „.
311 3288 398 3388 Cap.
429 3311 486 3381 14.
520 3292 565 3365 de
591 3288 793 3366 Trevirensi
810 3289 955 3388 summu
974 3292 1145 3378 urthas
1179 3323 1194 3387 ·,

117 3400 242 3474 lurum
258 3424 390 3496 agens,
411 3425 544 3498 paucos
562 3403 721 3486 nubiles,
739 3407 801 3500 qui
815 3406 959 3479 excidio
979 3406 1152 3505 supersues
1190 3462 1194 3496 2

114 3528 220 3595 rant,
254 3509 445 3595 incessens,
468 3512 579 3606 quus,
611 3520 683 3597 ait,
710 3531 778 3610 pro
794 3512 936 3610 summu
952 3518 1054 3595 urbis
1073 3516 1142 3593 rete«
1189 3574 1194 3608 ,

116 3636 160 3700 sae
189 3624 343 3700 remedia
372 3623 544 3719 Circenses
571 3623 614 3698 ub
640 3627 914 3719 imperatoribus
927 3627 1143 3728 postulabunt
1192 3687 1194 3720 2

113 3733 159 3815 Et
193 3741 261 3813 iam
287 3737 387 3833 antea
408 3731 448 3835 b)
479 3736 608 3827 „Vidi
638 3737 812 3837 squidem
832 3740 968 3834 (ait‚)
998 3769 1073 3842 ego
1087 3741 1144 3843 ipsr
1193 3800 1194 3831 2

113 3907 137 3946 „
165 3851 261 3950 apud
279 3849 453 3930 Treviros
473 3851 575 3925 dumi
592 3852 755 3938 nobiles,
786 3852 965 3950 dignitate
992 3857 1145 3938 sublimes

154 4067 444 4149 e)lib.V1.e.7.
512 4066 824 4148 a>tiuvturu
968 4023 994 4072 ψ
1052 3984 1107 4060 αξ
1158 4075 1182 4113 ·’
