2438 4470
107 166 111 175 ⁸
161 202 243 288 tp&
531 184 669 290 b'rclefiu
686 187 844 272 militnm

155 368 282 443 neret,
325 340 440 454 palam
475 351 638 431 adversus
672 370 757 430 eum
799 351 975 453 calamum
1008 350 1177 448 sternata

155 471 246 546 dum
276 467 360 541 telle
388 471 493 542 etiam
522 460 558 552 u)
577 463 806 566 Sozomenm
849 489 1011 556 „omnes
1041 469 1179 568 ubique

158 589 182 672 ,3
210 573 366 653 ecclesias
401 576 561 675 quaedam
596 573 691 673 quasi
726 573 924 674 persecutio
958 583 1178 677 occupavit,

157 674 181 790 p,
210 686 409 770 cuiusmodi
423 687 511 762 olim
531 685 593 760 sub
612 685 761 761 ethnicis
779 689 1055 787 imperatoribus
1083 692 1179 788 gral-

155 846 179 893 3,
209 799 275 875 sata
303 797 429 874 suerat.
487 793 555 874 Etsi
583 795 680 883 haec,
721 797 820 895 quod
849 798 994 897 quidem
1021 800 1066 875 ad
1096 825 1179 881 cru.

158 966 180 1004 „
205 913 315 988 clatus
330 911 480 994 attinet,
511 907 681 982 remissior
706 908 910 994 videbatur,
941 912 1178 1007 prudentibus

127 1054 130 1063 ·
153 1079 181 1127 9,
212 1036 330 1097 tamen
357 1023 437 1096 viria
461 1033 607 1118 propter
634 1017 812 1093 infamiam
840 1020 906 1098 visa
932 1023 1174 1115 estpacerbior.

157 1189 181 1226 ,,
214 1131 365 1233 Utrique
384 1135 500 1217 enim,
531 1144 566 1204 et
595 1131 622 1203 is
652 1133 713 1230 qui
744 1130 1043 1230 persequebatur,
1074 1155 1111 1211 et
1136 1137 1176 1211 il.

157 1296 181 1341 „
207 1244 262 1330 le,
306 1245 367 1346 qul
393 1241 673 1342 persecutionem
704 1239 907 1328 sustinebat,
950 1266 994 1318 ex
1024 1241 1175 1326 Ecclefie

54 1354 102 1428 .'
157 1406 182 1455 „
211 1369 356 1446 erant„.
417 1344 480 1430 His
510 1365 694 1452 permotus
725 1352 846 1438 malis,
877 1376 960 1430 cum
994 1379 1068 1430 non
1101 1357 1175 1436 suc·

101 1554 103 1559 ,
153 1461 300 1545 celllslet
330 1463 544 1549 coulllinm,
590 1461 838 1540 Constantium
877 1465 947 1540 alio
983 1463 1172 1557 flectendi.

157 1579 362 1652 modulam
390 1576 503 1677 palam
528 1573 701 1650 calamum
727 1575 864 1651 strinxit
889 1573 1076 1665 Hilarius,'
1098 1579 1175 1656 scri·

157 1705 223 1791 pto
252 1689 346 1764 libro
384 1710 459 1763 uno
490 1701 614 1761 contra
645 1684 919 1773 Constantium,
966 1712 1050 1766 cum
1090 1690 1173 1766 nibil

156 1795 355 1899 prosecillet
385 1795 526 1873 dnobus
560 1797 603 1872 ad
637 1796 811 1875 eundem:
843 1821 999 1897 quorum
1027 1805 1170 1898 ptimo,

158 1910 343 2009 postquam
369 1931 455 1983 mox
479 1909 515 1981 in
544 1909 695 1983 exordio
718 1931 797 2006 pag.
833 1929 944 2001 1217.
977 1912 1172 1989 catholico·

156 2043 238 2096 rum
265 2022 376 2104 votis,
407 2041 475 2092 nun
491 2015 607 2116 solum
635 2016 772 2106 verbis,
794 2017 988 2116 sedetiam
1012 2021 1172 2118 lucrymis

155 2133 362 2226 deprecatus
384 2126 465 2204 ellet
484 2130 640 2204 caesarem
661 2129 896 2217 obstinatum,
927 2187 948 2222 „
972 2158 1017 2208 ne
1044 2135 1170 2212 diutior

157 2242 389 2334 „catholicae
422 2238 576 2317 Ecclesia
609 2240 814 2337 gravissimis
852 2245 988 2319 iniuriis
1021 2242 1170 2323 affician-

58 2382 62 2389 ·
157 2405 178 2449 „
206 2369 284 2440 tur,
315 2368 351 2426 et
375 2350 613 2426 intolerabiles
638 2351 824 2428 sustineant
851 2356 1118 2452 persecutiones
1137 2359 1169 2434 tl

149 2519 178 2557 ,‚
208 2460 462 2549 contumelias,
492 2477 529 2538 et
552 2467 569 2553 (
583 2461 681 2562 quod
709 2463 880 2539 nefarium
907 2462 986 2556 est)
1015 2469 1167 2546 aufracti-

155 2628 176 2668 „
207 2578 272 2652 bus
298 2575 455 2664 nostris„
501 2572 720 2672 coepiscopis
753 2575 939 2660 videlicet,
984 2581 1044 2678 qui
1076 2584 1168 2656 auito

155 2688 258 2773 fidei,
299 2690 335 2762 in
362 2683 519 2761 concilio
542 2679 692 2760 Nicaeno
719 2684 882 2773 firmatae,
928 2687 1170 2767 substituentet'

153 2823 312 2879 novam,
346 2796 518 2894 potestate
547 2790 687 2872 seculari
715 2797 948 2874 abutebantur
976 2800 1021 2876 ad
1051 2802 1166 2902 oppri-

153 2910 303 2984 mendos
332 2907 513 2983 catholicae
543 2909 694 2983 veritatis
730 2907 939 2986 defensores.
999 2909 1056 3000 ld,
1074 2914 1164 2995 dein·

152 3043 246 3118 ceps·
266 3014 439 3117 potilllma
468 3038 512 3093 ex
541 3034 638 3117 parte
657 3018 751 3117 apud
772 3019 1023 3118 imperatorem
1050 3023 1085 3100 S.
1106 3019 1162 3102 Hi·

152 3131 257 3206 larius
282 3135 377 3226 agit,
408 3145 446 3204 ut
470 3132 518 3216 ii,
550 3127 627 3221 „ad
653 3152 745 3230 quos
769 3129 841 3206 sola
871 3155 953 3208 outa
981 3147 1016 3209 et
1048 3133 1163 3210 sollici·

113 3234 118 3243 ’
151 3239 289 3335 „tudo
322 3240 554 3339 publicorum
574 3243 819 3338 uegotiorum
849 3247 1029 3340 pertinere
1066 3245 1162 3322 debet

149 3408 173 3455 2,
202 3357 293 3450 (per
311 3349 535 3453 provincias)
557 3375 575 3426 a
597 3351 755 3450 religiosa
778 3352 810 3427 se
831 3354 1051 3430 observantia
1072 3355 1162 3432 absti-

150 3521 171 3560 ,‚
202 3479 332 3552 neenec
361 3483 476 3562 neque
501 3463 649 3560 posthac
678 3463 908 3562 presumant,
940 3477 1050 3566 atque
1073 3464 1163 3543 usur·

152 3632 171 3676 υ
203 3592 312 3674 pent,
341 3587 378 3648 et
403 3590 552 3670 putent.
583 3573 616 3648 se
635 3574 751 3650 causas
775 3575 998 3671 cognoscere
1021 3578 1162 3653 clerico·

148 3742 170 3790 2,
200 3710 278 3762 tum
296 3740 328 3776 ,,.
360 3681 471 3759 leto
485 3683 525 3760 ll.
545 3709 579 3760 n.
596 3704 631 3776 4.
643 3681 681 3771 b)
694 3701 812 3761 autem
832 3686 1049 3764 Constantio
1064 3686 1162 3765 fidem

95 3882 98 3888 ⁴
147 3800 369 3875 inanimum
401 3787 565 3880 revocat,
596 3816 700 3890 prtum
722 3795 825 3886 olim.
856 3800 997 3898 inquit,
1027 3796 1074 3875 uli
1101 3796 1160 3895 epi·
1199 3852 1203 3907 t

1001 3907 1119 4010 swrit

83 4062 106 4117 ·.
185 3999 480 4097 apsntibus.
544 4007 746 4090 ”param
869 3969 870 3972 Ἴ
