2400 4478
81 215 247 319 hm·
421 202 773 305 Mfflfflw

91 430 119 476 ,
146 374 203 455 ina
230 369 430 453 altiffinrnm
457 362 667 451 Dominum
694 371 886 474 loquetur,
915 382 954 450 et
978 367 1113 451 annos

92 543 120 590 0
147 485 299 565 altissimi
327 485 396 565 Dei
425 485 659 572 inveterabit,
706 500 744 563 et
769 482 947 582 cogitabit
976 499 1112 561 moure

91 655 120 694 ,
145 612 310 697 tempora
330 609 366 672 et
390 595 530 696 legem:
560 611 597 673 et
623 595 828 694 dabiturin
852 617 964 672 mann
991 597 1111 689 eins„

91 706 239 801 Libello
268 709 443 808 proximo
470 707 659 807 inscripto:
702 704 934 783 Marianam
965 700 1028 804 assi
1048 720 1111 802 pra

92 808 188 906 Filia
210 817 300 902 Dei,
331 815 513 895 nnvissima
530 823 636 894 etiam
660 842 706 895 ex
728 815 897 917 apostolo
918 819 1113 916 ingeminat

93 945 261 1029 tempora
280 928 367 1008 Tim
395 927 509 1007 litet
529 927 593 1007 IV.
623 985 646 1022 „
661 926 723 1009 De
745 946 780 1007 te
800 925 969 1030 (inquit)
992 952 1035 1007 ac
1051 931 1110 1005 nat

91 1097 119 1140 „
147 1037 370 1118 diletiiffimia
393 1040 626 1139 comperditis
647 1042 717 1117 tnia
740 1041 879 1141 tpirimr
897 1056 1020 1118 antem
1041 1063 1110 1117 ma·

92 1209 119 1248 „
147 1152 269 1231 niieste
289 1151 397 1240 dicit.
425 1154 508 1252 qnia
531 1154 568 1227 in
595 1147 786 1228 novistimis
809 1153 1037 1252 temporibus
1062 1175 1111 1226 ra·

93 1319 118 1360 »
146 1264 276 1342 cedent
302 1262 447 1365 qnidam
474 1286 494 1340 a
517 1259 589 1339 fide
608 1261 675 1338 &c
692 1319 714 1355 „
771 1259 860 1339 ttaec
883 1285 973 1339 vern
999 1265 1107 1340 nimia

92 1376 180 1462 zeto
202 1377 368 1474 abreptus
396 1371 521 1458 aanor
547 1375 654 1457 otiam
681 1371 871 1457 schismatis
889 1374 935 1455 da
957 1372 1025 1457 ino
1047 1397 1108 1451 nn-

90 1491 195 1572 mine
219 1487 314 1568 dieti.

163 1646 199 1727 S.
230 1645 432 1746 Gregorius
453 1645 628 1725 Nazianz.
659 1654 747 1724 orat.
778 1642 844 1724 iv.
863 1659 904 1724 et
922 1643 972 1724 V.
998 1646 1038 1721 in
1055 1645 1109 1722 ia-

93 1756 232 1840 tranum
270 1752 409 1854 aportat.
448 1762 485 1834 in
522 1757 628 1837 haina
666 1760 807 1859 tyranni
838 1760 1109 1865 *comparatione

94 1893 226 1948 omnes
245 1867 457 1967 eloquentia
479 1871 572 1946 vires
590 1869 730 1969 colligit
746 1865 787 1958 a)
813 1869 858 1944 ad
873 1869 1108 1947 excusandum

94 1977 375 2064 Constantium,
400 1980 614 2079 crimenque
635 1978 902 2077 importunitati
928 1997 1108 2076 pracerma

89 2090 238 2189 finitam
252 2111 372 2165 aarum
395 2090 574 2185 pravitati
595 2087 841 2177 tribuendam,
861 2091 983 2169 edicit.
1011 2090 1107 2171 Orat

92 2197 208 2283 XXL
238 2203 276 2275 in
300 2199 440 2277 laudem
479 2205 601 2299 magni
627 2200 802 2279 Athanafii
831 2198 870 2290 b)
894 2202 940 2278 de
971 2201 1109 2302 Grego-

91 2315 172 2398 rio.
201 2312 278 2388 eins
298 2309 384 2387 loco
406 2309 647 2389 Alexandrina
667 2311 738 2390 sedi
760 2313 916 2400 intruso,
946 2313 1105 2391 locntnr:

94 2474 123 2519 „
146 2420 251 2527 Quin
281 2425 384 2498 etiam
405 2420 508 2517 (ait)
536 2425 761 2524 imperatoris
780 2422 1042 2523 [implicitatem
1069 2422 1104 2501 ii·

92 2585 122 2631 ,
149 2537 187 2610 bi
218 2533 406 2611 conciliat:
436 2532 482 2610 fic
512 2537 607 2611 enim
633 2557 706 2634 ego
733 2535 910 2613 levitatem
939 2536 1104 2638 appello.

94 2700 121 2743 0
149 2648 316 2746 pietatem
358 2667 538 2722 venerans„
607 2645 702 2725 Nam
738 2644 762 2721 ti
800 2670 882 2722 vete
919 2646 1103 2724 dicendum
1147 2666 1149 2671 ·

95 2808 124 2853 ,
150 2758 224 2845 ea,
270 2755 389 2834 zelant
418 2757 600 2844 habebat,
656 2781 780 2836 verum
814 2781 890 2834 nnn
918 2757 1103 2838 secundnm

89 2922 119 2965 ,
147 2867 325 2944 scientiam
342 2923 376 2959 „.
432 2865 477 2945 Et
492 2868 611 2970 postea
626 2864 659 2959 a)
675 2868 720 2944 de
737 2866 936 2950 Constantii
962 2888 1100 2947 morte:

90 3034 119 3075 ,,
148 2976 218 3055 Hic
255 2981 365 3054 vitam
401 3002 487 3057 cnm
527 2996 645 3056 morte
682 2996 884 3057 commutat
929 2979 1102 3059 advertat

92 3143 120 3183 ,,
148 3089 294 3186 pastoris
318 3088 551 3167 confirmator
582 3107 618 3167 et
646 3114 845 3192 patronus,
890 3093 953 3192 qni
978 3091 1101 3170 matun

94 3253 119 3295 υ
148 3198 241 3276 haud
275 3200 372 3277 malo
413 3204 538 3277 animo
579 3204 731 3302 imperio
759 3203 985 3303 praefecerat,
1026 3201 1103 3298 (ln-

93 3362 120 3404 „
149 3310 321 3399 lianum)
358 3327 465 3414 atque
503 3311 619 3390 inutili
653 3327 693 3390 nt
720 3313 868 3400 ferunt,
901 3313 1100 3414 poenitentit

96 3476 121 3517 „
149 3424 186 3496 in
224 3438 392 3500 extremo
435 3426 513 3499 vita
553 3424 674 3522 spiritu
715 3424 890 3513 affeitns,
935 3448 1023 3504 cnm
1057 3425 1102 3499 ni·

93 3585 120 3632 ,,
146 3535 277 3611 mirum
310 3536 361 3609 ob
389 3536 532 3612 alterins
564 3532 671 3612 seculi
702 3535 854 3613 tribunal
894 3558 1019 3638 aeqnns
1053 3559 1099 3611 re-

95 3697 120 3742 ,
149 3668 230 3722 rom
247 3643 419 3722 sacrarum
449 3648 693 3747 unusquisqne
732 3646 840 3724 index
881 3647 942 3724 en
1025 3641 1102 3727 Tria

95 3757 245 3867 ,enim
278 3756 354 3836 haec
374 3753 442 3837 eise
471 3758 598 3845 aiant.
656 3758 707 3836 ob
736 3782 815 3859 qnae
843 3761 1099 3890 tanquam-im-

134 3970 275 4054 00r²t
299 3967 351 4035 tr.
373 3989 403 4033 v-
429 3988 476 4050 tt·
498 3990 528 4053 a
552 3990 604 4051 aa
683 3893 1066 4057 annuntiatam

160 4055 484 4141 ,mmmmm
