<?xml version="1.0" encoding="UTF-8"?>
<!DOCTYPE html PUBLIC "-//W3C//DTD XHTML 1.0 Transitional//EN"
    "http://www.w3.org/TR/xhtml1/DTD/xhtml1-transitional.dtd">
<html xmlns="http://www.w3.org/1999/xhtml" xml:lang="en" lang="en">
 <head>
  <title>
</title>
<meta http-equiv="Content-Type" content="text/html;charset=utf-8" />
  <meta name='ocr-system' content='tesseract 3.04.00' />
  <meta name='ocr-capabilities' content='ocr_page ocr_carea ocr_par ocr_line ocrx_word'/>
</head>
<body>
  <div class='ocr_page' id='page_1' title='image "./ecclesiamilitan00gerbgoog_0250.png"; bbox 0 0 2400 4478; ppageno 0'>
   <div class='ocr_carea' id='block_1_1' title="bbox 85 222 796 321">
    <p class='ocr_par' dir='ltr' id='par_1_1' title="bbox 85 222 796 321">
     <span class='ocr_line' id='line_1_1' title="bbox 85 222 796 321; baseline -0.001 -14"><span class='ocrx_word' id='word_1_1' title='bbox 85 231 168 321; x_wconf 71' lang='lat'>2⁶36</span> <span class='ocrx_word' id='word_1_2' title='bbox 431 224 573 318; x_wconf 61' lang='lat' dir='ltr'>Relatio</span> <span class='ocrx_word' id='word_1_3' title='bbox 602 227 762 306; x_wconf 78' lang='lat' dir='ltr'>militans</span> <span class='ocrx_word' id='word_1_4' title='bbox 792 222 796 233; x_wconf 84' lang='lat'>&#39;</span> 
     </span>
    </p>
   </div>
   <div class='ocr_carea' id='block_1_2' title="bbox 82 387 1142 4066">
    <p class='ocr_par' dir='ltr' id='par_1_2' title="bbox 82 387 1142 4066">
     <span class='ocr_line' id='line_1_2' title="bbox 82 387 1106 493; baseline -0.005 -24"><span class='ocrx_word' id='word_1_5' title='bbox 82 442 105 483; x_wconf 86' lang='lat'>„</span> <span class='ocrx_word' id='word_1_6' title='bbox 136 388 409 477; x_wconf 74' lang='lat' dir='ltr'><strong>Diocletianus,</strong></span> <span class='ocrx_word' id='word_1_7' title='bbox 440 392 528 493; x_wconf 88' lang='lat' dir='ltr'>quid</span> <span class='ocrx_word' id='word_1_8' title='bbox 556 389 821 477; x_wconf 86' lang='lat' dir='ltr'>Maximianus,</span> <span class='ocrx_word' id='word_1_9' title='bbox 851 389 943 490; x_wconf 88' lang='lat' dir='ltr'>quid</span> <span class='ocrx_word' id='word_1_10' title='bbox 972 387 1106 467; x_wconf 79' lang='lat' dir='ltr'>servilii.</span> 
     </span>
     <span class='ocr_line' id='line_1_3' title="bbox 85 492 1108 603; baseline 0.005 -26"><span class='ocrx_word' id='word_1_11' title='bbox 85 556 107 595; x_wconf 86' lang='lat'>„</span> <span class='ocrx_word' id='word_1_12' title='bbox 137 527 217 579; x_wconf 78' lang='lat' dir='ltr'>naus</span> <span class='ocrx_word' id='word_1_13' title='bbox 251 508 418 579; x_wconf 91' lang='lat' dir='ltr'>omnium</span> <span class='ocrx_word' id='word_1_14' title='bbox 448 503 692 580; x_wconf 82' lang='lat' dir='ltr'>Maximinus:</span> <span class='ocrx_word' id='word_1_15' title='bbox 731 520 767 579; x_wconf 89' lang='lat' dir='ltr'>et</span> <span class='ocrx_word' id='word_1_16' title='bbox 798 492 915 603; x_wconf 75' lang='lat' dir='ltr'>riuper</span> <span class='ocrx_word' id='word_1_17' title='bbox 949 501 1108 582; x_wconf 84' lang='lat' dir='ltr'>lulianus</span> 
     </span>
     <span class='ocr_line' id='line_1_4' title="bbox 83 613 1109 714; baseline 0.005 -26"><span class='ocrx_word' id='word_1_18' title='bbox 83 669 106 706; x_wconf 87' lang='lat'>„</span> <span class='ocrx_word' id='word_1_19' title='bbox 137 613 217 711; x_wconf 83' lang='lat' dir='ltr'>paffi</span> <span class='ocrx_word' id='word_1_20' title='bbox 240 615 340 707; x_wconf 85' lang='lat' dir='ltr'>sunt3</span> <span class='ocrx_word' id='word_1_21' title='bbox 355 630 391 690; x_wconf 93' lang='lat' dir='ltr'>et</span> <span class='ocrx_word' id='word_1_22' title='bbox 403 630 491 692; x_wconf 91' lang='lat' dir='ltr'>tunc</span> <span class='ocrx_word' id='word_1_23' title='bbox 509 616 614 692; x_wconf 88' lang='lat' dir='ltr'>rebus</span> <span class='ocrx_word' id='word_1_24' title='bbox 631 616 881 714; x_wconf 83' lang='lat' dir='ltr'>probabimus,</span> <span class='ocrx_word' id='word_1_25' title='bbox 901 616 1109 693; x_wconf 82' lang='lat' dir='ltr'>etiam-iux·</span> 
     </span>
     <span class='ocr_line' id='line_1_5' title="bbox 83 723 1107 827; baseline 0.006 -27"><span class='ocrx_word' id='word_1_26' title='bbox 83 778 107 817; x_wconf 83' lang='lat'>‚,</span> <span class='ocrx_word' id='word_1_27' title='bbox 137 740 170 800; x_wconf 90' lang='lat' dir='ltr'>ta</span> <span class='ocrx_word' id='word_1_28' title='bbox 186 723 337 803; x_wconf 83' lang='lat' dir='ltr'>litteram</span> <span class='ocrx_word' id='word_1_29' title='bbox 359 727 555 825; x_wconf 87' lang='lat' dir='ltr'>prophetiae</span> <span class='ocrx_word' id='word_1_30' title='bbox 585 730 768 803; x_wconf 88' lang='lat' dir='ltr'>veritatem</span> <span class='ocrx_word' id='word_1_31' title='bbox 784 723 850 801; x_wconf 86' lang='lat' dir='ltr'>elle</span> <span class='ocrx_word' id='word_1_32' title='bbox 861 726 1107 827; x_wconf 87' lang='lat' dir='ltr'>completam:</span> 
     </span>
     <span class='ocr_line' id='line_1_6' title="bbox 83 836 1109 937; baseline 0.007 -28"><span class='ocrx_word' id='word_1_33' title='bbox 83 884 106 929; x_wconf 72' lang='lat'><strong>„</strong></span> <span class='ocrx_word' id='word_1_34' title='bbox 137 836 237 935; x_wconf 89' lang='lat' dir='ltr'>quod</span> <span class='ocrx_word' id='word_1_35' title='bbox 268 843 559 937; x_wconf 81' lang='lat' dir='ltr'>computruerint</span> <span class='ocrx_word' id='word_1_36' title='bbox 583 836 704 916; x_wconf 86' lang='lat' dir='ltr'>carnes</span> <span class='ocrx_word' id='word_1_37' title='bbox 740 862 901 924; x_wconf 73' lang='lat' dir='ltr'>eorum,</span> <span class='ocrx_word' id='word_1_38' title='bbox 941 854 980 914; x_wconf 94' lang='lat' dir='ltr'>et</span> <span class='ocrx_word' id='word_1_39' title='bbox 1014 841 1109 916; x_wconf 90' lang='lat' dir='ltr'>oculi</span> 
     </span>
     <span class='ocr_line' id='line_1_7' title="bbox 84 950 1104 1050; baseline 0.005 -27"><span class='ocrx_word' id='word_1_40' title='bbox 84 1002 106 1040; x_wconf 88' lang='lat'>,‚</span> <span class='ocrx_word' id='word_1_41' title='bbox 135 950 411 1036; x_wconf 85' lang='lat' dir='ltr'>contabuerint,</span> <span class='ocrx_word' id='word_1_42' title='bbox 440 967 477 1025; x_wconf 88' lang='lat' dir='ltr'>et</span> <span class='ocrx_word' id='word_1_43' title='bbox 504 950 627 1046; x_wconf 87' lang='lat' dir='ltr'>lingua</span> <span class='ocrx_word' id='word_1_44' title='bbox 648 955 684 1025; x_wconf 91' lang='lat' dir='ltr'>in</span> <span class='ocrx_word' id='word_1_45' title='bbox 707 952 881 1050; x_wconf 76' lang='lat' dir='ltr'>pedorem</span> <span class='ocrx_word' id='word_1_46' title='bbox 918 965 957 1025; x_wconf 88' lang='lat' dir='ltr'>et</span> <span class='ocrx_word' id='word_1_47' title='bbox 983 951 1104 1028; x_wconf 87' lang='lat' dir='ltr'>saniem</span> 
     </span>
     <span class='ocr_line' id='line_1_8' title="bbox 83 1057 1102 1153; baseline 0.004 -18"><span class='ocrx_word' id='word_1_48' title='bbox 83 1114 107 1152; x_wconf 84' lang='lat'>„</span> <span class='ocrx_word' id='word_1_49' title='bbox 136 1057 362 1137; x_wconf 80' lang='lat' dir='ltr'>dissolutasrt.</span> <span class='ocrx_word' id='word_1_50' title='bbox 421 1060 535 1138; x_wconf 82' lang='lat' dir='ltr'>Porro</span> <span class='ocrx_word' id='word_1_51' title='bbox 554 1061 1102 1153; x_wconf 71' lang='lat' dir='ltr'>liexhocditlohaereticiseru-</span> 
     </span>
     <span class='ocr_line' id='line_1_9' title="bbox 82 1172 1105 1264; baseline 0.005 -19"><span class='ocrx_word' id='word_1_52' title='bbox 82 1225 107 1264; x_wconf 86' lang='lat'>„</span> <span class='ocrx_word' id='word_1_53' title='bbox 137 1172 260 1249; x_wconf 89' lang='lat' dir='ltr'>deliras</span> <span class='ocrx_word' id='word_1_54' title='bbox 281 1172 352 1253; x_wconf 87' lang='lat' dir='ltr'>Dei</span> <span class='ocrx_word' id='word_1_55' title='bbox 363 1173 501 1249; x_wconf 86' lang='lat' dir='ltr'>ridetur</span> <span class='ocrx_word' id='word_1_56' title='bbox 521 1174 680 1259; x_wconf 87' lang='lat' dir='ltr'>ostendi,</span> <span class='ocrx_word' id='word_1_57' title='bbox 711 1173 858 1250; x_wconf 89' lang='lat' dir='ltr'>audiant</span> <span class='ocrx_word' id='word_1_58' title='bbox 877 1174 958 1250; x_wconf 85' lang='lat' dir='ltr'>haec</span> <span class='ocrx_word' id='word_1_59' title='bbox 974 1179 1105 1250; x_wconf 82' lang='lat' dir='ltr'>unirer·</span> 
     </span>
     <span class='ocr_line' id='line_1_10' title="bbox 84 1282 1102 1375; baseline 0.004 -17"><span class='ocrx_word' id='word_1_60' title='bbox 84 1312 108 1375; x_wconf 67' lang='grc' dir='ltr'>ς,</span> <span class='ocrx_word' id='word_1_61' title='bbox 136 1282 169 1359; x_wconf 87' lang='lat' dir='ltr'>sa</span> <span class='ocrx_word' id='word_1_62' title='bbox 198 1284 301 1371; x_wconf 87' lang='lat' dir='ltr'>fieri,</span> <span class='ocrx_word' id='word_1_63' title='bbox 358 1301 398 1361; x_wconf 94' lang='lat' dir='ltr'>ut</span> <span class='ocrx_word' id='word_1_64' title='bbox 436 1284 681 1361; x_wconf 86' lang='lat' dir='ltr'>deficientibus</span> <span class='ocrx_word' id='word_1_65' title='bbox 714 1286 812 1359; x_wconf 90' lang='lat' dir='ltr'>malis</span> <span class='ocrx_word' id='word_1_66' title='bbox 849 1283 1102 1363; x_wconf 84' lang='lat' dir='ltr'>succrescerent</span> 
     </span>
     <span class='ocr_line' id='line_1_11' title="bbox 85 1396 1100 1497; baseline 0.003 -28"><span class='ocrx_word' id='word_1_67' title='bbox 85 1452 109 1488; x_wconf 88' lang='lat'><strong>„</strong></span> <span class='ocrx_word' id='word_1_68' title='bbox 138 1396 279 1487; x_wconf 82' lang='lat' dir='ltr'>bona„.</span> <span class='ocrx_word' id='word_1_69' title='bbox 311 1396 530 1475; x_wconf 75' lang='lat' dir='ltr'>Manichacus</span> <span class='ocrx_word' id='word_1_70' title='bbox 547 1397 621 1474; x_wconf 82' lang='lat' dir='ltr'>haec</span> <span class='ocrx_word' id='word_1_71' title='bbox 641 1397 815 1497; x_wconf 86' lang='lat' dir='ltr'>postrema</span> <span class='ocrx_word' id='word_1_72' title='bbox 834 1400 1016 1483; x_wconf 84' lang='lat' dir='ltr'>attinent,</span> <span class='ocrx_word' id='word_1_73' title='bbox 1047 1401 1100 1497; x_wconf 92' lang='lat' dir='ltr'>qui</span> 
     </span>
     <span class='ocr_line' id='line_1_12' title="bbox 86 1506 1102 1608; baseline 0 -25"><span class='ocrx_word' id='word_1_74' title='bbox 86 1506 1102 1608; x_wconf 86' lang='lat' dir='ltr'>tunclatente-rinOrienteetOccidenteserpebant,aper-</span> 
     </span>
     <span class='ocr_line' id='line_1_13' title="bbox 85 1612 1142 1719; baseline 0.002 -25"><span class='ocrx_word' id='word_1_75' title='bbox 85 1632 123 1694; x_wconf 89' lang='lat' dir='ltr'>te</span> <span class='ocrx_word' id='word_1_76' title='bbox 134 1642 221 1695; x_wconf 87' lang='lat' dir='ltr'>vero</span> <span class='ocrx_word' id='word_1_77' title='bbox 239 1619 455 1718; x_wconf 83' lang='lat' dir='ltr'>grassabatur</span> <span class='ocrx_word' id='word_1_78' title='bbox 470 1621 594 1696; x_wconf 83' lang='lat' dir='ltr'>Ariana</span> <span class='ocrx_word' id='word_1_79' title='bbox 602 1624 673 1719; x_wconf 83' lang='lat' dir='ltr'>prae</span> <span class='ocrx_word' id='word_1_80' title='bbox 692 1621 825 1696; x_wconf 86' lang='lat' dir='ltr'>caeteris</span> <span class='ocrx_word' id='word_1_81' title='bbox 842 1619 1100 1696; x_wconf 80' lang='lat' dir='ltr'>haerefisautto·</span> <span class='ocrx_word' id='word_1_82' title='bbox 1140 1612 1142 1619; x_wconf 73' lang='grc'><strong>’</strong></span> 
     </span>
     <span class='ocr_line' id='line_1_14' title="bbox 85 1732 1099 1832; baseline 0.003 -27"><span class='ocrx_word' id='word_1_83' title='bbox 85 1732 189 1805; x_wconf 87' lang='lat' dir='ltr'>ritate</span> <span class='ocrx_word' id='word_1_84' title='bbox 208 1733 303 1807; x_wconf 84' lang='lat' dir='ltr'>uelut</span> <span class='ocrx_word' id='word_1_85' title='bbox 324 1735 488 1831; x_wconf 85' lang='lat' dir='ltr'>praetoria</span> <span class='ocrx_word' id='word_1_86' title='bbox 508 1733 552 1806; x_wconf 95' lang='lat' dir='ltr'>ab</span> <span class='ocrx_word' id='word_1_87' title='bbox 576 1734 872 1832; x_wconf 85' lang='lat' dir='ltr'>imperatoribus,</span> <span class='ocrx_word' id='word_1_88' title='bbox 906 1733 1099 1809; x_wconf 88' lang='lat' dir='ltr'>crudelibus</span> 
     </span>
     <span class='ocr_line' id='line_1_15' title="bbox 86 1838 1142 1941; baseline 0.002 -24"><span class='ocrx_word' id='word_1_89' title='bbox 86 1853 165 1917; x_wconf 83' lang='lat' dir='ltr'>nort</span> <span class='ocrx_word' id='word_1_90' title='bbox 184 1864 266 1918; x_wconf 90' lang='lat' dir='ltr'>raro</span> <span class='ocrx_word' id='word_1_91' title='bbox 281 1846 349 1937; x_wconf 92' lang='lat' dir='ltr'>(ut</span> <span class='ocrx_word' id='word_1_92' title='bbox 373 1838 1002 1941; x_wconf 22' lang='lat' dir='ltr'>modo-vidimus)orthodoxorum</span> <span class='ocrx_word' id='word_1_93' title='bbox 1029 1868 1102 1941; x_wconf 61' lang='lat' dir='ltr'>pras</span> <span class='ocrx_word' id='word_1_94' title='bbox 1140 1884 1142 1935; x_wconf 66' lang='grc' dir='ltr'>Ι</span> 
     </span>
     <span class='ocr_line' id='line_1_16' title="bbox 87 1946 1142 2053; baseline 0.003 -26"><span class='ocrx_word' id='word_1_95' title='bbox 87 1951 205 2027; x_wconf 89' lang='lat' dir='ltr'>sertim</span> <span class='ocrx_word' id='word_1_96' title='bbox 226 1953 412 2051; x_wconf 80' lang='lat' dir='ltr'>praesulum</span> <span class='ocrx_word' id='word_1_97' title='bbox 433 1951 738 2052; x_wconf 76' lang='lat' dir='ltr'>persecutoribus,</span> <span class='ocrx_word' id='word_1_98' title='bbox 767 1955 812 2029; x_wconf 89' lang='lat' dir='ltr'>de</span> <span class='ocrx_word' id='word_1_99' title='bbox 836 1957 974 2053; x_wconf 90' lang='lat' dir='ltr'>quibus</span> <span class='ocrx_word' id='word_1_100' title='bbox 1002 1957 1100 2031; x_wconf 87' lang='lat' dir='ltr'>modu</span> <span class='ocrx_word' id='word_1_101' title='bbox 1140 1946 1142 1957; x_wconf 78' lang='lat'>&#39;</span> 
     </span>
     <span class='ocr_line' id='line_1_17' title="bbox 86 2062 1108 2167; baseline 0.004 -30"><span class='ocrx_word' id='word_1_102' title='bbox 86 2062 217 2140; x_wconf 86' lang='lat' dir='ltr'>relatus</span> <span class='ocrx_word' id='word_1_103' title='bbox 245 2064 277 2141; x_wconf 87' lang='lat' dir='ltr'>S.</span> <span class='ocrx_word' id='word_1_104' title='bbox 290 2064 535 2166; x_wconf 80' lang='lat' dir='ltr'>Hieronymus</span> <span class='ocrx_word' id='word_1_105' title='bbox 553 2063 638 2154; x_wconf 88' lang='lat' dir='ltr'>u)io</span> <span class='ocrx_word' id='word_1_106' title='bbox 656 2090 730 2165; x_wconf 89' lang='lat' dir='ltr'>cap.</span> <span class='ocrx_word' id='word_1_107' title='bbox 747 2065 808 2142; x_wconf 85' lang='lat' dir='ltr'>Vl.</span> <span class='ocrx_word' id='word_1_108' title='bbox 837 2068 956 2143; x_wconf 82' lang='lat' dir='ltr'>Amos</span> <span class='ocrx_word' id='word_1_109' title='bbox 984 2067 1108 2167; x_wconf 86' lang='lat' dir='ltr'>propb&#39;</span> 
     </span>
     <span class='ocr_line' id='line_1_18' title="bbox 87 2173 1142 2278; baseline 0 -25"><span class='ocrx_word' id='word_1_110' title='bbox 87 2182 114 2266; x_wconf 66' lang='lat'>,3</span> <span class='ocrx_word' id='word_1_111' title='bbox 141 2173 278 2253; x_wconf 88' lang='lat' dir='ltr'>Omnia</span> <span class='ocrx_word' id='word_1_112' title='bbox 295 2173 466 2278; x_wconf 84' lang='lat' dir='ltr'>(inquit)</span> <span class='ocrx_word' id='word_1_113' title='bbox 486 2200 563 2275; x_wconf 83' lang='lat' dir='ltr'>quae</span> <span class='ocrx_word' id='word_1_114' title='bbox 579 2179 625 2252; x_wconf 88' lang='lat' dir='ltr'>de</span> <span class='ocrx_word' id='word_1_115' title='bbox 641 2175 773 2254; x_wconf 87' lang='lat' dir='ltr'>Amasra</span> <span class='ocrx_word' id='word_1_116' title='bbox 791 2198 827 2251; x_wconf 91' lang='lat' dir='ltr'>et</span> <span class='ocrx_word' id='word_1_117' title='bbox 848 2176 1041 2254; x_wconf 89' lang='lat' dir='ltr'>leroboam</span> <span class='ocrx_word' id='word_1_118' title='bbox 1059 2184 1099 2253; x_wconf 86' lang='lat' dir='ltr'>in·</span> <span class='ocrx_word' id='word_1_119' title='bbox 1140 2246 1142 2253; x_wconf 91' lang='lat'><em>.</em></span> 
     </span>
     <span class='ocr_line' id='line_1_19' title="bbox 88 2289 1142 2419; baseline 0.003 -57"><span class='ocrx_word' id='word_1_120' title='bbox 88 2338 112 2375; x_wconf 84' lang='lat'>„</span> <span class='ocrx_word' id='word_1_121' title='bbox 142 2292 322 2385; x_wconf 88' lang='lat' dir='ltr'>terpretati</span> <span class='ocrx_word' id='word_1_122' title='bbox 346 2289 486 2374; x_wconf 84' lang='lat' dir='ltr'>sumus,</span> <span class='ocrx_word' id='word_1_123' title='bbox 507 2291 750 2385; x_wconf 74' lang='grc' dir='ltr'>τροπολογικῶς</span> <span class='ocrx_word' id='word_1_124' title='bbox 780 2291 823 2363; x_wconf 89' lang='lat' dir='ltr'>ad</span> <span class='ocrx_word' id='word_1_125' title='bbox 845 2289 1037 2368; x_wconf 76' lang='lat' dir='ltr'>haereticos</span> <span class='ocrx_word' id='word_1_126' title='bbox 1060 2314 1101 2366; x_wconf 75' lang='lat' dir='ltr'>ro</span> <span class='ocrx_word' id='word_1_127' title='bbox 1140 2294 1142 2419; x_wconf 57' lang='lat' dir='ltr'>l</span> 
     </span>
     <span class='ocr_line' id='line_1_20' title="bbox 88 2397 1142 2500; baseline 0.004 -29"><span class='ocrx_word' id='word_1_128' title='bbox 88 2440 112 2487; x_wconf 84' lang='lat'>,·,</span> <span class='ocrx_word' id='word_1_129' title='bbox 143 2397 284 2474; x_wconf 89' lang='lat' dir='ltr'>serenda</span> <span class='ocrx_word' id='word_1_130' title='bbox 312 2399 412 2477; x_wconf 89' lang='lat' dir='ltr'>sunt:</span> <span class='ocrx_word' id='word_1_131' title='bbox 454 2424 612 2500; x_wconf 89' lang='lat' dir='ltr'>quorum</span> <span class='ocrx_word' id='word_1_132' title='bbox 641 2401 801 2476; x_wconf 86' lang='lat' dir='ltr'>sacerdos</span> <span class='ocrx_word' id='word_1_133' title='bbox 836 2400 991 2477; x_wconf 82' lang='lat' dir='ltr'>Amasrar</span> <span class='ocrx_word' id='word_1_134' title='bbox 1025 2402 1101 2478; x_wconf 87' lang='lat' dir='ltr'>solet</span> <span class='ocrx_word' id='word_1_135' title='bbox 1140 2434 1142 2467; x_wconf 70' lang='grc' dir='ltr'>ε</span> 
     </span>
     <span class='ocr_line' id='line_1_21' title="bbox 86 2508 1142 2617; baseline 0.001 -32"><span class='ocrx_word' id='word_1_136' title='bbox 86 2511 322 2601; x_wconf 83' lang='lat' dir='ltr'>„interdum</span> <span class='ocrx_word' id='word_1_137' title='bbox 351 2515 502 2589; x_wconf 88' lang='lat' dir='ltr'>mittere·</span> <span class='ocrx_word' id='word_1_138' title='bbox 520 2516 563 2589; x_wconf 88' lang='lat' dir='ltr'>ad</span> <span class='ocrx_word' id='word_1_139' title='bbox 592 2508 780 2590; x_wconf 80' lang='lat' dir='ltr'>lerob&#39;oam</span> <span class='ocrx_word' id='word_1_140' title='bbox 818 2536 943 2612; x_wconf 77' lang='lat' dir='ltr'>regem</span> <span class='ocrx_word' id='word_1_141' title='bbox 977 2514 1102 2590; x_wconf 75' lang='lat' dir='ltr'>haereti</span> <span class='ocrx_word' id='word_1_142' title='bbox 1140 2576 1142 2617; x_wconf 45' lang='grc' dir='ltr'>Ι</span> 
     </span>
     <span class='ocr_line' id='line_1_22' title="bbox 85 2622 1102 2724; baseline 0.001 -26"><span class='ocrx_word' id='word_1_143' title='bbox 85 2658 112 2715; x_wconf 70' lang='lat'>5&gt;</span> <span class='ocrx_word' id='word_1_144' title='bbox 140 2646 249 2709; x_wconf 88' lang='lat' dir='ltr'>cum,</span> <span class='ocrx_word' id='word_1_145' title='bbox 293 2634 400 2724; x_wconf 82' lang='lat' dir='ltr'>atque</span> <span class='ocrx_word' id='word_1_146' title='bbox 436 2625 684 2701; x_wconf 79' lang='lat' dir='ltr'>haereticorum</span> <span class='ocrx_word' id='word_1_147' title='bbox 716 2622 934 2722; x_wconf 84' lang='lat' dir='ltr'>patronum:</span> <span class='ocrx_word' id='word_1_148' title='bbox 976 2641 1016 2702; x_wconf 87' lang='lat' dir='ltr'>et</span> <span class='ocrx_word' id='word_1_149' title='bbox 1043 2629 1102 2700; x_wconf 88' lang='lat' dir='ltr'>sau·</span> 
     </span>
     <span class='ocr_line' id='line_1_23' title="bbox 84 2734 1142 2836; baseline 0 -25"><span class='ocrx_word' id='word_1_150' title='bbox 84 2740 109 2834; x_wconf 61' lang='lat'>‚3</span> <span class='ocrx_word' id='word_1_151' title='bbox 139 2734 216 2811; x_wconf 75' lang='lat' dir='ltr'>etos</span> <span class='ocrx_word' id='word_1_152' title='bbox 233 2738 329 2813; x_wconf 88' lang='lat' dir='ltr'>viros</span> <span class='ocrx_word' id='word_1_153' title='bbox 351 2761 392 2814; x_wconf 87' lang='lat' dir='ltr'>ac</span> <span class='ocrx_word' id='word_1_154' title='bbox 411 2762 593 2836; x_wconf 77' lang='lat' dir='ltr'>praecones</span> <span class='ocrx_word' id='word_1_155' title='bbox 611 2734 691 2813; x_wconf 83' lang='lat' dir='ltr'>fidei</span> <span class='ocrx_word' id='word_1_156' title='bbox 710 2736 870 2812; x_wconf 84' lang='lat' dir='ltr'>accusare</span> <span class='ocrx_word' id='word_1_157' title='bbox 884 2736 984 2835; x_wconf 89' lang='lat' dir='ltr'>apud</span> <span class='ocrx_word' id='word_1_158' title='bbox 1009 2757 1103 2827; x_wconf 77' lang='lat' dir='ltr'>eum3</span> <span class='ocrx_word' id='word_1_159' title='bbox 1140 2822 1142 2829; x_wconf 28' lang='lat'><strong>¹</strong></span> 
     </span>
     <span class='ocr_line' id='line_1_24' title="bbox 87 2847 1142 2945; baseline -0.001 -22"><span class='ocrx_word' id='word_1_160' title='bbox 87 2880 111 2945; x_wconf 74' lang='lat'>3,</span> <span class='ocrx_word' id='word_1_161' title='bbox 140 2869 176 2925; x_wconf 91' lang='lat' dir='ltr'>et</span> <span class='ocrx_word' id='word_1_162' title='bbox 205 2851 326 2926; x_wconf 88' lang='lat' dir='ltr'>iubere</span> <span class='ocrx_word' id='word_1_163' title='bbox 351 2850 583 2935; x_wconf 71' lang='lat' dir='ltr'>dodoribus,</span> <span class='ocrx_word' id='word_1_164' title='bbox 629 2873 675 2924; x_wconf 89' lang='lat' dir='ltr'>ne</span> <span class='ocrx_word' id='word_1_165' title='bbox 704 2847 898 2944; x_wconf 74' lang='lat' dir='ltr'>praedicent</span> <span class='ocrx_word' id='word_1_166' title='bbox 928 2852 967 2922; x_wconf 90' lang='lat' dir='ltr'>in</span> <span class='ocrx_word' id='word_1_167' title='bbox 988 2847 1101 2930; x_wconf 89' lang='lat' dir='ltr'>lsrael,</span> <span class='ocrx_word' id='word_1_168' title='bbox 1140 2870 1142 2909; x_wconf 70' lang='lat'>³</span> 
     </span>
     <span class='ocr_line' id='line_1_25' title="bbox 87 2959 1104 3060; baseline 0 -26"><span class='ocrx_word' id='word_1_169' title='bbox 87 3011 111 3056; x_wconf 84' lang='lat'>„</span> <span class='ocrx_word' id='word_1_170' title='bbox 141 2984 189 3034; x_wconf 90' lang='lat' dir='ltr'>ne</span> <span class='ocrx_word' id='word_1_171' title='bbox 204 2975 339 3036; x_wconf 82' lang='lat' dir='ltr'>contra</span> <span class='ocrx_word' id='word_1_172' title='bbox 368 2966 459 3059; x_wconf 79' lang='lat' dir='ltr'>regis</span> <span class='ocrx_word' id='word_1_173' title='bbox 482 2962 621 3038; x_wconf 81' lang='lat' dir='ltr'>iaciant</span> <span class='ocrx_word' id='word_1_174' title='bbox 650 2959 902 3036; x_wconf 88' lang='lat' dir='ltr'>voluntatem:</span> <span class='ocrx_word' id='word_1_175' title='bbox 944 2964 1030 3060; x_wconf 83' lang='lat' dir='ltr'>quia</span> <span class='ocrx_word' id='word_1_176' title='bbox 1050 2959 1104 3037; x_wconf 86' lang='lat' dir='ltr'>Be-</span> 
     </span>
     <span class='ocr_line' id='line_1_26' title="bbox 86 3064 1142 3169; baseline 0.001 -25"><span class='ocrx_word' id='word_1_177' title='bbox 86 3098 110 3167; x_wconf 82' lang='lat'>,3</span> <span class='ocrx_word' id='word_1_178' title='bbox 139 3070 232 3157; x_wconf 90' lang='lat' dir='ltr'>thel,</span> <span class='ocrx_word' id='word_1_179' title='bbox 259 3064 396 3148; x_wconf 84' lang='lat' dir='ltr'>lrocest</span> <span class='ocrx_word' id='word_1_180' title='bbox 413 3074 542 3150; x_wconf 85' lang='lat' dir='ltr'>dumus</span> <span class='ocrx_word' id='word_1_181' title='bbox 563 3071 650 3155; x_wconf 89' lang='lat' dir='ltr'>Dei,</span> <span class='ocrx_word' id='word_1_182' title='bbox 682 3086 717 3146; x_wconf 92' lang='lat' dir='ltr'>et</span> <span class='ocrx_word' id='word_1_183' title='bbox 735 3070 815 3146; x_wconf 80' lang='lat' dir='ltr'>salsa</span> <span class='ocrx_word' id='word_1_184' title='bbox 830 3070 979 3147; x_wconf 79' lang='lat' dir='ltr'>eccleisa</span> <span class='ocrx_word' id='word_1_185' title='bbox 993 3071 1103 3148; x_wconf 78' lang='lat' dir='ltr'>santii-</span> <span class='ocrx_word' id='word_1_186' title='bbox 1140 3124 1142 3169; x_wconf 59' lang='lat'>3</span> 
     </span>
     <span class='ocr_line' id='line_1_27' title="bbox 88 3174 1142 3281; baseline -0.001 -24"><span class='ocrx_word' id='word_1_187' title='bbox 88 3242 111 3279; x_wconf 84' lang='lat'>‚,</span> <span class='ocrx_word' id='word_1_188' title='bbox 141 3181 261 3258; x_wconf 86' lang='lat' dir='ltr'>ficatio</span> <span class='ocrx_word' id='word_1_189' title='bbox 285 3188 378 3281; x_wconf 83' lang='lat' dir='ltr'>regis</span> <span class='ocrx_word' id='word_1_190' title='bbox 400 3182 461 3270; x_wconf 87' lang='lat' dir='ltr'>fit,</span> <span class='ocrx_word' id='word_1_191' title='bbox 494 3198 531 3263; x_wconf 93' lang='lat' dir='ltr'>et</span> <span class='ocrx_word' id='word_1_192' title='bbox 548 3183 678 3258; x_wconf 90' lang='lat' dir='ltr'>domus</span> <span class='ocrx_word' id='word_1_193' title='bbox 695 3185 809 3280; x_wconf 88' lang='lat' dir='ltr'>reg-ni.</span> <span class='ocrx_word' id='word_1_194' title='bbox 863 3182 996 3260; x_wconf 85' lang='lat' dir='ltr'>Solent</span> <span class='ocrx_word' id='word_1_195' title='bbox 1020 3183 1104 3260; x_wconf 85' lang='lat' dir='ltr'>eni&#39;ru</span> <span class='ocrx_word' id='word_1_196' title='bbox 1140 3174 1142 3197; x_wconf 75' lang='lat'><em>²</em></span> 
     </span>
     <span class='ocr_line' id='line_1_28' title="bbox 87 3293 1105 3396; baseline 0.007 -28"><span class='ocrx_word' id='word_1_197' title='bbox 87 3352 111 3391; x_wconf 88' lang='lat'>,‚</span> <span class='ocrx_word' id='word_1_198' title='bbox 142 3293 278 3369; x_wconf 88' lang='lat' dir='ltr'>dicere:</span> <span class='ocrx_word' id='word_1_199' title='bbox 317 3298 512 3395; x_wconf 89' lang='lat' dir='ltr'>imperator</span> <span class='ocrx_word' id='word_1_200' title='bbox 532 3297 636 3370; x_wconf 91' lang='lat' dir='ltr'>nobis</span> <span class='ocrx_word' id='word_1_201' title='bbox 654 3298 928 3383; x_wconf 84' lang='lat' dir='ltr'>communicat;</span> <span class='ocrx_word' id='word_1_202' title='bbox 959 3311 996 3381; x_wconf 84' lang='lat' dir='ltr'>et</span> <span class='ocrx_word' id='word_1_203' title='bbox 1012 3293 1105 3396; x_wconf 83' lang='lat' dir='ltr'>liquit</span> 
     </span>
     <span class='ocr_line' id='line_1_29' title="bbox 88 3405 1106 3506; baseline 0 -25"><span class='ocrx_word' id='word_1_204' title='bbox 88 3465 112 3502; x_wconf 83' lang='lat'>„</span> <span class='ocrx_word' id='word_1_205' title='bbox 142 3408 191 3481; x_wconf 88' lang='lat' dir='ltr'>cis</span> <span class='ocrx_word' id='word_1_206' title='bbox 216 3405 381 3482; x_wconf 85' lang='lat' dir='ltr'>restiterit</span> <span class='ocrx_word' id='word_1_207' title='bbox 412 3462 423 3492; x_wconf 91' lang='lat'>,</span> <span class='ocrx_word' id='word_1_208' title='bbox 465 3410 579 3484; x_wconf 87' lang='lat' dir='ltr'>statim</span> <span class='ocrx_word' id='word_1_209' title='bbox 612 3405 896 3482; x_wconf 84' lang='lat' dir='ltr'>calumniantur:</span> <span class='ocrx_word' id='word_1_210' title='bbox 953 3432 1046 3506; x_wconf 83' lang='lat' dir='ltr'>ergo</span> <span class='ocrx_word' id='word_1_211' title='bbox 1075 3422 1106 3482; x_wconf 88' lang='lat' dir='ltr'>tu</span> 
     </span>
     <span class='ocr_line' id='line_1_30' title="bbox 88 3517 1107 3616; baseline -0.005 -19"><span class='ocrx_word' id='word_1_212' title='bbox 88 3530 265 3616; x_wconf 80' lang='lat' dir='ltr'>„contra</span> <span class='ocrx_word' id='word_1_213' title='bbox 297 3519 552 3614; x_wconf 88' lang='lat' dir='ltr'>imperatorem</span> <span class='ocrx_word' id='word_1_214' title='bbox 588 3517 710 3592; x_wconf 79' lang='lat' dir='ltr'>facis?</span> <span class='ocrx_word' id='word_1_215' title='bbox 764 3518 916 3616; x_wconf 81' lang='lat' dir='ltr'>Augusti</span> <span class='ocrx_word' id='word_1_216' title='bbox 952 3518 1107 3596; x_wconf 85' lang='lat' dir='ltr'>mandatu</span> 
     </span>
     <span class='ocr_line' id='line_1_31' title="bbox 86 3616 1108 3729; baseline 0.001 -26"><span class='ocrx_word' id='word_1_217' title='bbox 86 3691 109 3728; x_wconf 84' lang='lat'><strong>„</strong></span> <span class='ocrx_word' id='word_1_218' title='bbox 138 3616 377 3709; x_wconf 79' lang='lat' dir='ltr'>contemnis?</span> <span class='ocrx_word' id='word_1_219' title='bbox 391 3625 435 3705; x_wconf 87' lang='lat' dir='ltr'>Et</span> <span class='ocrx_word' id='word_1_220' title='bbox 452 3645 573 3706; x_wconf 85' lang='lat' dir='ltr'>tamen</span> <span class='ocrx_word' id='word_1_221' title='bbox 585 3627 877 3716; x_wconf 76' lang='lat' dir='ltr'>consideremus,-</span> <span class='ocrx_word' id='word_1_222' title='bbox 895 3632 1000 3729; x_wconf 89' lang='lat' dir='ltr'>quod</span> <span class='ocrx_word' id='word_1_223' title='bbox 1016 3628 1108 3707; x_wconf 83' lang='lat' dir='ltr'>multi</span> 
     </span>
     <span class='ocr_line' id='line_1_32' title="bbox 89 3740 1108 3841; baseline -0.001 -22"><span class='ocrx_word' id='word_1_224' title='bbox 89 3803 111 3841; x_wconf 89' lang='lat'>„</span> <span class='ocrx_word' id='word_1_225' title='bbox 141 3764 242 3839; x_wconf 83' lang='lat' dir='ltr'>reges</span> <span class='ocrx_word' id='word_1_226' title='bbox 279 3740 487 3827; x_wconf 82' lang='lat' dir='ltr'>christiani,</span> <span class='ocrx_word' id='word_1_227' title='bbox 528 3744 589 3841; x_wconf 90' lang='lat' dir='ltr'>qui</span> <span class='ocrx_word' id='word_1_228' title='bbox 617 3742 787 3838; x_wconf 85' lang='lat' dir='ltr'>persecuti</span> <span class='ocrx_word' id='word_1_229' title='bbox 821 3741 901 3817; x_wconf 89' lang='lat' dir='ltr'>sunt</span> <span class='ocrx_word' id='word_1_230' title='bbox 928 3741 1108 3821; x_wconf 81' lang='lat' dir='ltr'>Ecclesiam</span> 
     </span>
     <span class='ocr_line' id='line_1_33' title="bbox 89 3852 1108 3953; baseline -0.002 -23"><span class='ocrx_word' id='word_1_231' title='bbox 89 3896 112 3953; x_wconf 55' lang='grc' dir='ltr'>ς,</span> <span class='ocrx_word' id='word_1_232' title='bbox 143 3855 232 3940; x_wconf 88' lang='lat' dir='ltr'>Dei,</span> <span class='ocrx_word' id='word_1_233' title='bbox 261 3866 297 3930; x_wconf 87' lang='lat' dir='ltr'>et</span> <span class='ocrx_word' id='word_1_234' title='bbox 322 3852 484 3935; x_wconf 78' lang='lat' dir='ltr'>Arianaru</span> <span class='ocrx_word' id='word_1_235' title='bbox 507 3854 731 3953; x_wconf 83' lang='lat' dir='ltr'>impietatem</span> <span class='ocrx_word' id='word_1_236' title='bbox 753 3855 793 3928; x_wconf 86' lang='lat' dir='ltr'>in</span> <span class='ocrx_word' id='word_1_237' title='bbox 815 3866 897 3931; x_wconf 80' lang='lat' dir='ltr'>toto</span> <span class='ocrx_word' id='word_1_238' title='bbox 924 3858 1020 3931; x_wconf 86' lang='lat' dir='ltr'>orbe</span> <span class='ocrx_word' id='word_1_239' title='bbox 1041 3854 1108 3931; x_wconf 85' lang='lat' dir='ltr'>fun·</span> 
     </span>
     <span class='ocr_line' id='line_1_34' title="bbox 925 3968 1064 4066; baseline -0.007 -20"><span class='ocrx_word' id='word_1_240' title='bbox 925 4022 953 4066; x_wconf 81' lang='lat'>„</span> <span class='ocrx_word' id='word_1_241' title='bbox 981 3968 1064 4047; x_wconf 85' lang='lat' dir='ltr'>dare</span> 
     </span>
    </p>
   </div>
   <div class='ocr_carea' id='block_1_3' title="bbox 91 4066 459 4152">
    <p class='ocr_par' dir='ltr' id='par_1_3' title="bbox 91 4066 459 4152">
     <span class='ocr_line' id='line_1_35' title="bbox 91 4066 459 4152; baseline -0.014 -14"><span class='ocrx_word' id='word_1_242' title='bbox 91 4073 125 4152; x_wconf 78' lang='lat' dir='ltr'>r)</span> <span class='ocrx_word' id='word_1_243' title='bbox 168 4069 203 4133; x_wconf 76' lang='lat' dir='ltr'>a.</span> <span class='ocrx_word' id='word_1_244' title='bbox 249 4066 299 4131; x_wconf 87' lang='lat' dir='ltr'>ru.</span> <span class='ocrx_word' id='word_1_245' title='bbox 325 4085 459 4150; x_wconf 57' lang='lat' dir='ltr'>nnn.</span> 
     </span>
    </p>
   </div>
   <div class='ocr_carea' id='block_1_4' title="bbox 0 0 1214 4478">
    <p class='ocr_par' dir='ltr' id='par_1_4' title="bbox 0 0 1214 4478">
     <span class='ocr_line' id='line_1_36' title="bbox 0 0 1214 4478; baseline 0 0"><span class='ocrx_word' id='word_1_246' title='bbox 0 0 1214 4478; x_wconf 95' lang='lat' dir='ltr'> </span> 
     </span>
    </p>
   </div>
  </div>
 </body>
</html>
