2400 4478
210 247 358 328 regnum
385 216 513 319 Cottii
535 225 574 310 itt
596 226 714 304 terris.
741 245 784 356 a.¹
799 218 964 309 XXVII.
1022 245 1110 330 aar

52 432 88 493 p,
118 390 434 492 quideua'etssvim
461 386 602 475 afferat,
642 403 679 466 et
705 390 847 468 interim
875 392 1001 471 afferre
1021 414 1100 476 nort

63 558 87 600 „
118 503 302 594 videatnr;
349 525 415 576 nov
448 515 576 577 contra
597 517 633 576 et
654 500 822 602 supplicia
855 501 1099 602 perferamur,—

64 671 87 710 „
117 620 154 691 et
178 617 391 691 eosinterim
418 610 577 698 honore,
609 604 762 711 qul'pro
791 613 921 693 Christi
949 622 1100 697 nomine

67 780 92 826 „
117 729 344 828 patientibus
359 723 479 801 haberi
496 722 816 808 solers-careamus
831 782 864 819 ‚,.
923 725 1102 823 Quomo-

25 912 28 917 .
71 840 117 916 do
144 838 289 915 veroid
317 833 484 913 effectum
505 838 628 921 iverit,
660 835 778 936 postea
794 837 827 913 S.
855 836 955 916 Pater
982 841 1098 920 decla.

67 964 141 1038 rat,
172 1006 194 1042 ,‚
214 963 255 1026 ut
273 945 374 1048 quod
404 942 632 1024 inhumanius
658 961 750 1034 erat,
794 946 935 1027 hoc-est
957 955 1030 1031 vim
1059 943 1110 1034 et'

64 1112 87 1156 ,‚
114 1060 343 1163 tyrannidem
371 1059 537 1161 populari
562 1061 695 1147 turba,
726 1060 995 1162 civitatibusque
1014 1089 1121 1167 per.,.

63 1226 86 1267 „
119 1188 278 1250 mitteret
315 1225 346 1265 ,μ
432 1168 473 1247 ld
518 1171 620 1271 quod
663 1171 782 1270 postea
832 1170 1096 1255 Alexandrino·

63 1308 146 1362 rum
177 1284 349 1383 exemplo>
373 1280 617 1369 demonstrat,
649 1281 736 1357 dum
762 1279 887 1377 loliani
914 1275 1099 1378 edittae)

61 1410 329 1475 commemorat
354 1450 376 1489 „
393 1415 472 1494 quat
494 1390 656 1470 adversus
679 1393 786 1471 sacrae
807 1393 898 1471 aedee
919 1395 1005 1473 dum
1028 1422 1096 1496 pu·
1135 1421 1136 1425 ‘

62 1562 85 1601 „
117 1506 211 1584 blice
233 1505 555 1606 proponebantur,
595 1516 674 1580 tum
705 1506 870 1604 privatim
900 1507 1095 1608 expleban-

61 1671 83 1713 „
114 1635 197 1704 tur,
246 1630 282 1693 et
319 1619 526 1693 votivorum
559 1613 744 1693 donorum
779 1638 821 1693 ac
855 1619 1093 1718 pecuniarum
1134 1640 1138 1664 ³

61 1728 373 1830 „expilationem
410 1729 487 1803 non
519 1728 633 1826 magia
663 1728 707 1804 ab
735 1729 936 1828 impietate,
975 1738 1094 1832 -quam

60 1895 84 1936 „
108 1842 155 1919 ab
188 1843 329 1917 avaritia
356 1842 581 1926 manantem,
627 1853 665 1916 et
689 1838 868 1919 sactorum
898 1839 1094 1936 vasorum,
1152 1844 1155 1850 ’

62 2007 84 2048 „
114 1974 194 2053 quae
223 1951 381 2053 profanis
410 1949 574 2029 monibus
605 1950 805 2052 petulanter
836 1967 873 2032 et
899 1970 1095 2035 contume-⁸

61 2117 84 2159 „
113 2064 202 2141 liose
225 2062 485 2148 tradebantur,
500 2064 752 2162 direptionem
772 2063 841 2142 dre.
859 2121 881 2158 „
938 2064 1091 2146 Oratio·

61 2200 110 2255 ne
128 2173 174 2252 ll.
199 2196 279 2276 quae
295 2175 345 2253 eit
367 2167 535 2251 invediva
557 2175 594 2251 in
619 2172 795 2252 lulianum
821 2170 993 2266 secunda,
1014 2183 1092 2258 elur

58 2289 322 2367 immanitatem
347 2285 570 2387 persecutus,
612 2306 683 2387 qua
708 2285 821 2364 indies
842 2288 901 2366 ille
923 2289 1089 2371 adversus
1114 2353 1116 2357 .

55 2399 272 2479 christianos
302 2397 443 2476 furebat
470 2396 736 2477 vehementius:
766 2397 913 2490 „Cum
942 2417 1086 2490 autem.

52 2565 77 2607 „
109 2513 248 2613 inquit:
278 2507 317 2606 b)
337 2531 400 2611 prr
420 2507 484 2585 alia
507 2510 630 2594 omnia
650 2505 734 2587 esset
756 2503 949 2608 gratinus,
979 2527 1090 2612 atque

51 2677 76 2718 „
111 2647 225 2701 omne
256 2621 451 2723 tyrannidis
481 2619 519 2697 in
552 2640 619 2696 nos
645 2634 682 2696 et
710 2619 928 2698 crudelitatis
950 2643 1093 2720 genua,

52 2791 77 2830 „
110 2751 153 2814 ut
182 2733 260 2811 leve
283 2751 319 2809 et
348 2729 523 2809 abiedum
556 2727 819 2831 contempsrllet
846 2733 864 2829 (
894 2752 961 2810 nec
989 2735 1089 2813 enim

52 2903 77 2942 „
111 2842 183 2925 ulla
211 2866 370 2946 unquam
400 2856 524 2925 natura
557 2841 601 2920 a‘d
631 2841 809 2921 malorum
840 2846 1088 2929 inventionem

51 3015 76 3053 ‚‚
111 2958 205 3036 illiue
233 2971 357 3035 natura
382 2953 592 3034 foecundior
616 2953 818 3033 eruberior'
840 2953 937 3044 fuit)
964 2957 1008 3033 ad
1024 2977 1089 3035 ex.

49 3126 76 3166 „
110 3084 269 3147 tremum
287 3066 491 3146 ludaeorum
511 3088 658 3169 quoque
675 3068 858 3143 nationem
879 3070 914 3145 in
936 3092 1002 3173 noa
1020 3069 1089 3145 im·
1166 3099 1169 3105 ⁴

48 3239 76 3278 „
109 3179 284 3276 militi„
309 3177 398 3280 ¹iplrs
428 3180 602 3257 nimirum
631 3177 668 3254 in
699 3178 849 3278 patriam
881 3181 1019 3268 redire,
1045 3203 1091 3268 ac
1126 3258 1129 3263 ,
1194 3212 1199 3249 .·

47 3350 74 3390 „
109 3290 285 3393 templum
313 3291 526 3378 instaurare,
572 3291 844 3392 patriorumque
870 3293 1005 3371 rituum
1035 3293 1089 3369 vi.

46 3461 72 3502 „
106 3428 239 3506 gorem
268 3425 460 3492 renovare,
505 3422 550 3496 ert
580 3400 741 3502 ipsorum
766 3401 899 3482 scilicet
923 3403 1020 3482 librit
1049 3416 1088 3486 et

41 3575 69 3614 „
106 3519 243 3598 arcanis
276 3514 377 3616 fatale
412 3511 481 3592 elle
509 3507 724 3602 affirmem,-
753 3537 795 3593 ac
826 3516 1115 3613 benevolentia·

44 3685 72 3728 „
108 3630 225 3730 lpecie
256 3642 505 3707 commentum
534 3622 611 3707 hoc
638 3624 868 3721 occultane„.
927 3614 1085 3728 lpse‘ni·

47 3743 193 3824 mirum
216 3754 344 3840 utpote
376 3735 585 3816 idololatriae
613 3733 773 3824 deditus,
816 3737 1088 3838 perinde-aiu·
1148 3792 1152 3798 .

45 3854 165 3934 daicia
190 3876 297 3956 quam
327 3850 521 3930 christiania
545 3851 670 3930 ritibus
695 3849 914 3939 abhorrent.
945 3841 1087 3927 locvm

506 3956 589 4042 Pa
724 3984 754 3996 ’·
967 3958 1031 4039 ur.

94 4071 133 4154 a)
154 4085 185 4136 n.
210 4074 259 4145 86.
283 4086 312 4151 p.
336 4084 405 4157 ran
610 4064 694 4147 bin·
720 4077 884 4150 Mlti·-
1021 4103 1023 4107 ’
