<?xml version="1.0" encoding="UTF-8"?>
<!DOCTYPE html PUBLIC "-//W3C//DTD XHTML 1.0 Transitional//EN"
    "http://www.w3.org/TR/xhtml1/DTD/xhtml1-transitional.dtd">
<html xmlns="http://www.w3.org/1999/xhtml" xml:lang="en" lang="en">
 <head>
  <title>
</title>
<meta http-equiv="Content-Type" content="text/html;charset=utf-8" />
  <meta name='ocr-system' content='tesseract 3.04.00' />
  <meta name='ocr-capabilities' content='ocr_page ocr_carea ocr_par ocr_line ocrx_word'/>
</head>
<body>
  <div class='ocr_page' id='page_1' title='image "./ecclesiamilitan00gerbgoog_0089.png"; bbox 0 0 2400 4478; ppageno 0'>
   <div class='ocr_carea' id='block_1_1' title="bbox 155 162 1139 325">
    <p class='ocr_par' dir='ltr' id='par_1_1' title="bbox 155 162 1139 325">
     <span class='ocr_line' id='line_1_1' title="bbox 155 162 1139 325; baseline -0.003 -37"><span class='ocrx_word' id='word_1_1' title='bbox 155 162 158 167; x_wconf 20' lang='lat'><em>*</em></span> <span class='ocrx_word' id='word_1_2' title='bbox 219 231 369 306; x_wconf 83' lang='lat' dir='ltr'>regnum</span> <span class='ocrx_word' id='word_1_3' title='bbox 395 201 531 315; x_wconf 67' lang='lat' dir='ltr'>Christi</span> <span class='ocrx_word' id='word_1_4' title='bbox 546 207 587 283; x_wconf 86' lang='lat' dir='ltr'>in</span> <span class='ocrx_word' id='word_1_5' title='bbox 612 205 733 284; x_wconf 71' lang='lat' dir='ltr'>terrie</span> <span class='ocrx_word' id='word_1_6' title='bbox 759 229 788 284; x_wconf 86' lang='lat' dir='ltr'>c.</span> <span class='ocrx_word' id='word_1_7' title='bbox 818 201 924 286; x_wconf 87' lang='lat' dir='ltr'><em>XIV.</em></span> <span class='ocrx_word' id='word_1_8' title='bbox 1038 225 1090 304; x_wconf 74' lang='lat'>72</span> <span class='ocrx_word' id='word_1_9' title='bbox 1135 320 1139 325; x_wconf 20' lang='lat'><em>·</em></span> 
     </span>
    </p>
   </div>
   <div class='ocr_carea' id='block_1_2' title="bbox 48 367 1099 1019">
    <p class='ocr_par' dir='ltr' id='par_1_2' title="bbox 48 367 1099 1019">
     <span class='ocr_line' id='line_1_2' title="bbox 48 367 1093 472; baseline -0.001 -19"><span class='ocrx_word' id='word_1_10' title='bbox 48 375 219 472; x_wconf 78' lang='lat' dir='ltr'><strong>deinceps</strong></span> <span class='ocrx_word' id='word_1_11' title='bbox 243 371 351 472; x_wconf 82' lang='lat' dir='ltr'>usque</span> <span class='ocrx_word' id='word_1_12' title='bbox 377 371 421 448; x_wconf 91' lang='lat' dir='ltr'>ad</span> <span class='ocrx_word' id='word_1_13' title='bbox 450 393 528 470; x_wconf 86' lang='lat' dir='ltr'>cap.</span> <span class='ocrx_word' id='word_1_14' title='bbox 559 367 671 472; x_wconf 67' lang='lat' dir='ltr'>xiie</span> <span class='ocrx_word' id='word_1_15' title='bbox 704 371 740 446; x_wconf 96' lang='lat' dir='ltr'>in</span> <span class='ocrx_word' id='word_1_16' title='bbox 769 394 845 471; x_wconf 90' lang='lat' dir='ltr'>quo</span> <span class='ocrx_word' id='word_1_17' title='bbox 867 369 1093 470; x_wconf 87' lang='lat' dir='ltr'>triumphum</span> 
     </span>
     <span class='ocr_line' id='line_1_3' title="bbox 48 474 1096 584; baseline -0.004 -19"><span class='ocrx_word' id='word_1_18' title='bbox 48 490 93 565; x_wconf 88' lang='lat' dir='ltr'>de</span> <span class='ocrx_word' id='word_1_19' title='bbox 118 486 202 563; x_wconf 87' lang='lat' dir='ltr'>casu</span> <span class='ocrx_word' id='word_1_20' title='bbox 231 483 424 584; x_wconf 89' lang='lat' dir='ltr'>Babylonis</span> <span class='ocrx_word' id='word_1_21' title='bbox 449 507 490 561; x_wconf 88' lang='lat' dir='ltr'>ac</span> <span class='ocrx_word' id='word_1_22' title='bbox 517 484 713 559; x_wconf 88' lang='lat' dir='ltr'>meretricis</span> <span class='ocrx_word' id='word_1_23' title='bbox 747 506 888 580; x_wconf 83' lang='lat' dir='ltr'>magnae</span> <span class='ocrx_word' id='word_1_24' title='bbox 919 483 1024 561; x_wconf 80' lang='lat' dir='ltr'>santii</span> <span class='ocrx_word' id='word_1_25' title='bbox 1044 474 1096 563; x_wconf 70' lang='lat' dir='ltr'>¹in</span> 
     </span>
     <span class='ocr_line' id='line_1_4' title="bbox 50 591 1097 696; baseline -0.004 -17"><span class='ocrx_word' id='word_1_26' title='bbox 50 600 155 679; x_wconf 87' lang='lat' dir='ltr'>coelis</span> <span class='ocrx_word' id='word_1_27' title='bbox 176 613 332 673; x_wconf 83' lang='lat' dir='ltr'>canunt:</span> <span class='ocrx_word' id='word_1_28' title='bbox 365 597 464 696; x_wconf 91' lang='lat' dir='ltr'>quod</span> <span class='ocrx_word' id='word_1_29' title='bbox 485 591 672 671; x_wconf 84' lang='lat' dir='ltr'>Bossuetus</span> <span class='ocrx_word' id='word_1_30' title='bbox 699 592 744 670; x_wconf 91' lang='lat' dir='ltr'>de</span> <span class='ocrx_word' id='word_1_31' title='bbox 769 597 914 672; x_wconf 76' lang='lat' dir='ltr'>vidioria</span> <span class='ocrx_word' id='word_1_32' title='bbox 935 599 1097 675; x_wconf 88' lang='lat' dir='ltr'>barbara-</span> 
     </span>
     <span class='ocr_line' id='line_1_5' title="bbox 52 703 1099 809; baseline -0.002 -19"><span class='ocrx_word' id='word_1_33' title='bbox 52 737 132 790; x_wconf 89' lang='lat' dir='ltr'>rum</span> <span class='ocrx_word' id='word_1_34' title='bbox 162 713 328 809; x_wconf 82' lang='lat' dir='ltr'>gentium</span> <span class='ocrx_word' id='word_1_35' title='bbox 360 709 577 805; x_wconf 87' lang='lat' dir='ltr'>excidioque</span> <span class='ocrx_word' id='word_1_36' title='bbox 602 703 730 784; x_wconf 75' lang='lat' dir='ltr'>Romu</span> <span class='ocrx_word' id='word_1_37' title='bbox 759 709 856 784; x_wconf 86' lang='lat' dir='ltr'>urbis</span> <span class='ocrx_word' id='word_1_38' title='bbox 885 731 950 808; x_wconf 87' lang='lat' dir='ltr'>per</span> <span class='ocrx_word' id='word_1_39' title='bbox 987 706 1099 788; x_wconf 83' lang='lat' dir='ltr'>Alari-</span> 
     </span>
     <span class='ocr_line' id='line_1_6' title="bbox 53 818 1094 927; baseline 0.006 -29"><span class='ocrx_word' id='word_1_40' title='bbox 53 847 133 903; x_wconf 87' lang='lat' dir='ltr'>cum</span> <span class='ocrx_word' id='word_1_41' title='bbox 178 819 371 927; x_wconf 83' lang='lat' dir='ltr'>praesertim</span> <span class='ocrx_word' id='word_1_42' title='bbox 401 825 687 923; x_wconf 87' lang='lat' dir='ltr'>interpretatur.</span> <span class='ocrx_word' id='word_1_43' title='bbox 728 836 769 900; x_wconf 90' lang='lat' dir='ltr'>ut</span> <span class='ocrx_word' id='word_1_44' title='bbox 798 819 888 900; x_wconf 84' lang='lat' dir='ltr'>infra</span> <span class='ocrx_word' id='word_1_45' title='bbox 910 818 975 901; x_wconf 85' lang='lat' dir='ltr'>luo</span> <span class='ocrx_word' id='word_1_46' title='bbox 1007 821 1094 904; x_wconf 85' lang='lat' dir='ltr'>loco</span> 
     </span>
     <span class='ocr_line' id='line_1_7' title="bbox 54 935 405 1019; baseline -0.02 -3"><span class='ocrx_word' id='word_1_47' title='bbox 54 935 263 1016; x_wconf 81' lang='lat' dir='ltr'>uidebimus.</span> <span class='ocrx_word' id='word_1_48' title='bbox 396 990 405 1019; x_wconf 67' lang='lat'>-,</span> 
     </span>
    </p>
   </div>
   <div class='ocr_carea' id='block_1_3' title="bbox 10 1092 1180 3876">
    <p class='ocr_par' dir='ltr' id='par_1_3' title="bbox 10 1092 1180 3876">
     <span class='ocr_line' id='line_1_8' title="bbox 104 1092 1097 1201; baseline 0 -26"><span class='ocrx_word' id='word_1_49' title='bbox 104 1097 277 1201; x_wconf 83' lang='lat' dir='ltr'><strong>Sequitur</strong></span> <span class='ocrx_word' id='word_1_50' title='bbox 294 1120 328 1194; x_wconf 91' lang='lat' dir='ltr'>p.</span> <span class='ocrx_word' id='word_1_51' title='bbox 350 1113 437 1184; x_wconf 79' lang='lat'>505.</span> <span class='ocrx_word' id='word_1_52' title='bbox 456 1093 701 1194; x_wconf 83' lang='lat' dir='ltr'>recapitulatio</span> <span class='ocrx_word' id='word_1_53' title='bbox 718 1116 736 1170; x_wconf 90' lang='lat' dir='ltr'>a</span> <span class='ocrx_word' id='word_1_54' title='bbox 751 1115 826 1195; x_wconf 89' lang='lat' dir='ltr'>cap.</span> <span class='ocrx_word' id='word_1_55' title='bbox 844 1092 908 1172; x_wconf 87' lang='lat' dir='ltr'>lV.</span> <span class='ocrx_word' id='word_1_56' title='bbox 926 1094 1097 1197; x_wconf 89' lang='lat' dir='ltr'>usquead</span> 
     </span>
     <span class='ocr_line' id='line_1_9' title="bbox 54 1206 1100 1311; baseline -0.004 -23"><span class='ocrx_word' id='word_1_57' title='bbox 54 1206 140 1293; x_wconf 87' lang='lat' dir='ltr'>XX.</span> <span class='ocrx_word' id='word_1_58' title='bbox 154 1211 216 1289; x_wconf 92' lang='lat' dir='ltr'>ubi</span> <span class='ocrx_word' id='word_1_59' title='bbox 231 1206 449 1306; x_wconf 82' lang='lat' dir='ltr'>potillrnrunr</span> <span class='ocrx_word' id='word_1_60' title='bbox 464 1207 618 1304; x_wconf 86' lang='lat' dir='ltr'>explicat</span> <span class='ocrx_word' id='word_1_61' title='bbox 632 1210 698 1284; x_wconf 88' lang='lat' dir='ltr'>tria</span> <span class='ocrx_word' id='word_1_62' title='bbox 715 1229 785 1291; x_wconf 78' lang='lat' dir='ltr'>ve,</span> <span class='ocrx_word' id='word_1_63' title='bbox 804 1231 883 1311; x_wconf 86' lang='lat' dir='ltr'>quae</span> <span class='ocrx_word' id='word_1_64' title='bbox 899 1209 1100 1311; x_wconf 82' lang='lat' dir='ltr'>Apocalyp-</span> 
     </span>
     <span class='ocr_line' id='line_1_10' title="bbox 58 1316 1098 1425; baseline -0.011 -25"><span class='ocrx_word' id='word_1_65' title='bbox 58 1321 102 1400; x_wconf 81' lang='lat' dir='ltr'>fin</span> <span class='ocrx_word' id='word_1_66' title='bbox 121 1322 166 1400; x_wconf 90' lang='lat' dir='ltr'>ad</span> <span class='ocrx_word' id='word_1_67' title='bbox 189 1333 297 1419; x_wconf 85' lang='lat' dir='ltr'>capnt</span> <span class='ocrx_word' id='word_1_68' title='bbox 321 1319 430 1418; x_wconf 83' lang='lat' dir='ltr'>usque</span> <span class='ocrx_word' id='word_1_69' title='bbox 455 1316 548 1401; x_wconf 89' lang='lat' dir='ltr'>XX.</span> <span class='ocrx_word' id='word_1_70' title='bbox 581 1323 809 1419; x_wconf 88' lang='lat' dir='ltr'>partiuntur,</span> <span class='ocrx_word' id='word_1_71' title='bbox 841 1323 990 1425; x_wconf 84' lang='lat' dir='ltr'>eiusque</span> <span class='ocrx_word' id='word_1_72' title='bbox 1015 1346 1098 1397; x_wconf 87' lang='lat' dir='ltr'>orn.</span> 
     </span>
     <span class='ocr_line' id='line_1_11' title="bbox 57 1430 1100 1538; baseline -0.001 -27"><span class='ocrx_word' id='word_1_73' title='bbox 57 1457 113 1511; x_wconf 80' lang='lat' dir='ltr'>uec</span> <span class='ocrx_word' id='word_1_74' title='bbox 138 1448 255 1538; x_wconf 85' lang='lat' dir='ltr'>partes</span> <span class='ocrx_word' id='word_1_75' title='bbox 281 1436 373 1509; x_wconf 90' lang='lat' dir='ltr'>inter</span> <span class='ocrx_word' id='word_1_76' title='bbox 416 1430 449 1507; x_wconf 88' lang='lat' dir='ltr'>le</span> <span class='ocrx_word' id='word_1_77' title='bbox 474 1430 606 1509; x_wconf 76' lang='lat' dir='ltr'>vincias</span> <span class='ocrx_word' id='word_1_78' title='bbox 639 1445 790 1517; x_wconf 87' lang='lat' dir='ltr'>tenent,</span> <span class='ocrx_word' id='word_1_79' title='bbox 835 1444 896 1507; x_wconf 55' lang='lat' dir='ltr'>ut2</span> <span class='ocrx_word' id='word_1_80' title='bbox 918 1433 1002 1511; x_wconf 88' lang='lat' dir='ltr'>alibi</span> <span class='ocrx_word' id='word_1_81' title='bbox 1032 1451 1100 1510; x_wconf 78' lang='lat' dir='ltr'>no·-</span> 
     </span>
     <span class='ocr_line' id='line_1_12' title="bbox 57 1540 1171 1648; baseline 0 -24"><span class='ocrx_word' id='word_1_82' title='bbox 57 1561 111 1627; x_wconf 86' lang='lat' dir='ltr'>tat.</span> <span class='ocrx_word' id='word_1_83' title='bbox 171 1544 332 1628; x_wconf 84' lang='lat' dir='ltr'>Primum</span> <span class='ocrx_word' id='word_1_84' title='bbox 356 1545 614 1648; x_wconf 91' lang='lat' dir='ltr'>occurritcap</span> <span class='ocrx_word' id='word_1_85' title='bbox 649 1540 749 1620; x_wconf 85' lang='lat' dir='ltr'>Vlll.</span> <span class='ocrx_word' id='word_1_86' title='bbox 795 1560 852 1632; x_wconf 84' lang='lat'>13.</span> <span class='ocrx_word' id='word_1_87' title='bbox 898 1541 1096 1624; x_wconf 87' lang='lat' dir='ltr'>secundum</span> <span class='ocrx_word' id='word_1_88' title='bbox 1167 1626 1171 1633; x_wconf 79' lang='grc'>,</span> 
     </span>
     <span class='ocr_line' id='line_1_13' title="bbox 59 1651 1163 1758; baseline -0.008 -22"><span class='ocrx_word' id='word_1_89' title='bbox 59 1681 127 1757; x_wconf 85' lang='lat' dir='ltr'>cap.</span> <span class='ocrx_word' id='word_1_90' title='bbox 143 1655 213 1735; x_wconf 89' lang='lat' dir='ltr'>Xl.</span> <span class='ocrx_word' id='word_1_91' title='bbox 232 1658 300 1736; x_wconf 80' lang='lat' dir='ltr'>&amp;c</span> <span class='ocrx_word' id='word_1_92' title='bbox 318 1657 464 1734; x_wconf 87' lang='lat' dir='ltr'>tertium</span> <span class='ocrx_word' id='word_1_93' title='bbox 480 1676 557 1753; x_wconf 88' lang='lat' dir='ltr'>cap.</span> <span class='ocrx_word' id='word_1_94' title='bbox 578 1651 720 1734; x_wconf 82' lang='lat' dir='ltr'>xvtll.</span> <span class='ocrx_word' id='word_1_95' title='bbox 745 1674 802 1733; x_wconf 86' lang='lat' dir='ltr'>ro.</span> <span class='ocrx_word' id='word_1_96' title='bbox 826 1668 884 1730; x_wconf 80' lang='lat'>16.</span> <span class='ocrx_word' id='word_1_97' title='bbox 913 1679 967 1750; x_wconf 89' lang='lat'>¹9·</span> <span class='ocrx_word' id='word_1_98' title='bbox 987 1658 1100 1758; x_wconf 78' lang='lat' dir='ltr'>idque</span> <span class='ocrx_word' id='word_1_99' title='bbox 1150 1708 1163 1727; x_wconf 70' lang='grc'>.,</span> 
     </span>
     <span class='ocr_line' id='line_1_14' title="bbox 57 1763 1151 1866; baseline -0.006 -18"><span class='ocrx_word' id='word_1_100' title='bbox 57 1769 241 1859; x_wconf 81' lang='lat' dir='ltr'>ultimum,</span> <span class='ocrx_word' id='word_1_101' title='bbox 263 1770 322 1844; x_wconf 91' lang='lat' dir='ltr'>ubi</span> <span class='ocrx_word' id='word_1_102' title='bbox 343 1791 472 1866; x_wconf 84' lang='lat' dir='ltr'>nempe</span> <span class='ocrx_word' id='word_1_103' title='bbox 490 1763 616 1843; x_wconf 86' lang='lat' dir='ltr'>Romae</span> <span class='ocrx_word' id='word_1_104' title='bbox 638 1765 735 1844; x_wconf 84' lang='lat' dir='ltr'>casus</span> <span class='ocrx_word' id='word_1_105' title='bbox 753 1765 902 1844; x_wconf 85' lang='lat' dir='ltr'>describi</span> <span class='ocrx_word' id='word_1_106' title='bbox 924 1767 1023 1845; x_wconf 90' lang='lat' dir='ltr'>vult:</span> <span class='ocrx_word' id='word_1_107' title='bbox 1047 1774 1096 1850; x_wconf 84' lang='lat' dir='ltr'>ita&#39;</span> <span class='ocrx_word' id='word_1_108' title='bbox 1148 1836 1151 1841; x_wconf 86' lang='lat'>.</span> 
     </span>
     <span class='ocr_line' id='line_1_15' title="bbox 60 1875 1154 1986; baseline -0.007 -22"><span class='ocrx_word' id='word_1_109' title='bbox 60 1883 210 1986; x_wconf 81' lang='lat' dir='ltr'>utptini</span> <span class='ocrx_word' id='word_1_110' title='bbox 234 1881 377 1958; x_wconf 80' lang='lat' dir='ltr'>initiunt</span> <span class='ocrx_word' id='word_1_111' title='bbox 394 1902 411 1955; x_wconf 90' lang='lat' dir='ltr'>a</span> <span class='ocrx_word' id='word_1_112' title='bbox 428 1879 583 1973; x_wconf 77' lang='lat' dir='ltr'>Severo,</span> <span class='ocrx_word' id='word_1_113' title='bbox 601 1875 709 1956; x_wconf 86' lang='lat' dir='ltr'>finem</span> <span class='ocrx_word' id='word_1_114' title='bbox 731 1881 768 1958; x_wconf 91' lang='lat' dir='ltr'>in</span> <span class='ocrx_word' id='word_1_115' title='bbox 785 1876 930 1955; x_wconf 90' lang='lat' dir='ltr'>Valerio</span> <span class='ocrx_word' id='word_1_116' title='bbox 949 1880 1096 1962; x_wconf 80' lang='lat' dir='ltr'>stituat&#39;:</span> <span class='ocrx_word' id='word_1_117' title='bbox 1150 1950 1154 1956; x_wconf 83' lang='lat'>.</span> 
     </span>
     <span class='ocr_line' id='line_1_16' title="bbox 59 1988 1099 2096; baseline 0.002 -25"><span class='ocrx_word' id='word_1_118' title='bbox 59 1995 149 2072; x_wconf 88' lang='lat' dir='ltr'>unde</span> <span class='ocrx_word' id='word_1_119' title='bbox 169 1993 364 2072; x_wconf 84' lang='lat' dir='ltr'>secundum</span> <span class='ocrx_word' id='word_1_120' title='bbox 396 1988 562 2066; x_wconf 85' lang='lat' dir='ltr'>exorsum</span> <span class='ocrx_word' id='word_1_121' title='bbox 591 1991 826 2096; x_wconf 86' lang='lat' dir='ltr'>progreditur</span> <span class='ocrx_word' id='word_1_122' title='bbox 846 1992 890 2077; x_wconf 86' lang='lat' dir='ltr'>ad</span> <span class='ocrx_word' id='word_1_123' title='bbox 919 1991 1099 2074; x_wconf 85' lang='lat' dir='ltr'>Maxentii</span> 
     </span>
     <span class='ocr_line' id='line_1_17' title="bbox 56 2101 1098 2210; baseline -0.008 -28"><span class='ocrx_word' id='word_1_124' title='bbox 56 2107 279 2210; x_wconf 84' lang='lat' dir='ltr'>aliorumque</span> <span class='ocrx_word' id='word_1_125' title='bbox 305 2101 574 2202; x_wconf 74' lang='lat' dir='ltr'>persecutorum</span> <span class='ocrx_word' id='word_1_126' title='bbox 604 2105 817 2190; x_wconf 85' lang='lat' dir='ltr'>interitum,</span> <span class='ocrx_word' id='word_1_127' title='bbox 850 2105 997 2204; x_wconf 84' lang='lat' dir='ltr'>quando</span> <span class='ocrx_word' id='word_1_128' title='bbox 1018 2108 1098 2182; x_wconf 90' lang='lat' dir='ltr'>ido.</span> 
     </span>
     <span class='ocr_line' id='line_1_18' title="bbox 56 2212 1142 2315; baseline 0 -19"><span class='ocrx_word' id='word_1_129' title='bbox 56 2216 189 2296; x_wconf 88' lang='lat' dir='ltr'>lulatria</span> <span class='ocrx_word' id='word_1_130' title='bbox 218 2215 413 2300; x_wconf 79' lang='lat' dir='ltr'>deliruda,</span> <span class='ocrx_word' id='word_1_131' title='bbox 453 2237 606 2315; x_wconf 86' lang='lat' dir='ltr'>regnum</span> <span class='ocrx_word' id='word_1_132' title='bbox 641 2212 801 2295; x_wconf 84' lang='lat' dir='ltr'>Ecclesrae</span> <span class='ocrx_word' id='word_1_133' title='bbox 828 2216 1096 2304; x_wconf 82' lang='lat' dir='ltr'>constabilitum</span> <span class='ocrx_word' id='word_1_134' title='bbox 1139 2238 1142 2243; x_wconf 86' lang='grc'><strong>’</strong></span> 
     </span>
     <span class='ocr_line' id='line_1_19' title="bbox 56 2326 1164 2436; baseline 0 -30"><span class='ocrx_word' id='word_1_135' title='bbox 56 2330 123 2422; x_wconf 87' lang='lat' dir='ltr'>est;</span> <span class='ocrx_word' id='word_1_136' title='bbox 153 2333 298 2404; x_wconf 88' lang='lat' dir='ltr'>tertium</span> <span class='ocrx_word' id='word_1_137' title='bbox 319 2350 408 2401; x_wconf 88' lang='lat' dir='ltr'>vero</span> <span class='ocrx_word' id='word_1_138' title='bbox 443 2326 703 2425; x_wconf 77' lang='lat' dir='ltr'>completlatur</span> <span class='ocrx_word' id='word_1_139' title='bbox 722 2331 853 2426; x_wconf 86' lang='lat' dir='ltr'>quaevis</span> <span class='ocrx_word' id='word_1_140' title='bbox 880 2328 1098 2415; x_wconf 84' lang='lat' dir='ltr'>aresulcita-</span> <span class='ocrx_word' id='word_1_141' title='bbox 1138 2350 1164 2436; x_wconf 48' lang='grc' dir='ltr'><strong>ᾗ</strong></span> 
     </span>
     <span class='ocr_line' id='line_1_20' title="bbox 57 2437 1180 2539; baseline 0.003 -22"><span class='ocrx_word' id='word_1_142' title='bbox 57 2456 90 2517; x_wconf 86' lang='lat' dir='ltr'>ta</span> <span class='ocrx_word' id='word_1_143' title='bbox 112 2441 311 2516; x_wconf 86' lang='lat' dir='ltr'>idololatria</span> <span class='ocrx_word' id='word_1_144' title='bbox 334 2463 397 2536; x_wconf 91' lang='lat' dir='ltr'>per</span> <span class='ocrx_word' id='word_1_145' title='bbox 423 2437 600 2515; x_wconf 88' lang='lat' dir='ltr'>lulianum</span> <span class='ocrx_word' id='word_1_146' title='bbox 630 2440 825 2539; x_wconf 85' lang='lat' dir='ltr'>apostatam</span> <span class='ocrx_word' id='word_1_147' title='bbox 854 2453 1024 2517; x_wconf 85' lang='lat' dir='ltr'>attentata</span> <span class='ocrx_word' id='word_1_148' title='bbox 1044 2441 1100 2520; x_wconf 61' lang='lat' dir='ltr'>ub</span> <span class='ocrx_word' id='word_1_149' title='bbox 1176 2466 1180 2473; x_wconf 75' lang='grc'>’</span> 
     </span>
     <span class='ocr_line' id='line_1_21' title="bbox 56 2548 1169 2657; baseline 0.003 -28"><span class='ocrx_word' id='word_1_150' title='bbox 56 2553 182 2652; x_wconf 86' lang='lat' dir='ltr'>quead</span> <span class='ocrx_word' id='word_1_151' title='bbox 205 2551 311 2626; x_wconf 85' lang='lat' dir='ltr'>linem</span> <span class='ocrx_word' id='word_1_152' title='bbox 338 2555 395 2628; x_wconf 83' lang='lat' dir='ltr'>seu</span> <span class='ocrx_word' id='word_1_153' title='bbox 416 2553 655 2648; x_wconf 83' lang='lat' dir='ltr'>punitionem.</span> <span class='ocrx_word' id='word_1_154' title='bbox 713 2548 901 2628; x_wconf 86' lang='lat' dir='ltr'>ltaautern</span> <span class='ocrx_word' id='word_1_155' title='bbox 927 2549 1098 2632; x_wconf 80' lang='lat' dir='ltr'>Bollueto</span> <span class='ocrx_word' id='word_1_156' title='bbox 1160 2638 1169 2657; x_wconf 76' lang='lat'>.</span> 
     </span>
     <span class='ocr_line' id='line_1_22' title="bbox 54 2658 1167 2764; baseline 0.004 -24"><span class='ocrx_word' id='word_1_157' title='bbox 54 2662 116 2745; x_wconf 85' lang='lat' dir='ltr'>hac</span> <span class='ocrx_word' id='word_1_158' title='bbox 132 2665 231 2741; x_wconf 82' lang='lat' dir='ltr'>clave</span> <span class='ocrx_word' id='word_1_159' title='bbox 248 2667 370 2738; x_wconf 81' lang='lat' dir='ltr'>onnia</span> <span class='ocrx_word' id='word_1_160' title='bbox 385 2661 578 2760; x_wconf 87' lang='lat' dir='ltr'>planasunt</span> <span class='ocrx_word' id='word_1_161' title='bbox 599 2661 654 2738; x_wconf 83' lang='lat' dir='ltr'>vis</span> <span class='ocrx_word' id='word_1_162' title='bbox 677 2719 687 2746; x_wconf 88' lang='lat'>,</span> <span class='ocrx_word' id='word_1_163' title='bbox 706 2658 745 2750; x_wconf 85' lang='lat' dir='ltr'>a)</span> <span class='ocrx_word' id='word_1_164' title='bbox 760 2680 799 2741; x_wconf 92' lang='lat' dir='ltr'>ut</span> <span class='ocrx_word' id='word_1_165' title='bbox 817 2663 1000 2740; x_wconf 85' lang='lat' dir='ltr'>historiam</span> <span class='ocrx_word' id='word_1_166' title='bbox 1018 2668 1098 2764; x_wconf 85' lang='lat' dir='ltr'>quis</span> <span class='ocrx_word' id='word_1_167' title='bbox 1149 2660 1167 2673; x_wconf 78' lang='grc'>”</span> 
     </span>
     <span class='ocr_line' id='line_1_23' title="bbox 54 2773 1101 2876; baseline 0.002 -24"><span class='ocrx_word' id='word_1_168' title='bbox 54 2774 111 2853; x_wconf 84' lang='lat' dir='ltr'>libi</span> <span class='ocrx_word' id='word_1_169' title='bbox 129 2800 200 2876; x_wconf 81' lang='lat' dir='ltr'>prae</span> <span class='ocrx_word' id='word_1_170' title='bbox 220 2773 334 2851; x_wconf 86' lang='lat' dir='ltr'>oculis</span> <span class='ocrx_word' id='word_1_171' title='bbox 365 2774 494 2850; x_wconf 83' lang='lat' dir='ltr'>habere</span> <span class='ocrx_word' id='word_1_172' title='bbox 517 2797 560 2850; x_wconf 92' lang='lat' dir='ltr'>ac</span> <span class='ocrx_word' id='word_1_173' title='bbox 591 2773 709 2873; x_wconf 85' lang='lat' dir='ltr'>legere</span> <span class='ocrx_word' id='word_1_174' title='bbox 747 2775 858 2852; x_wconf 89' lang='lat' dir='ltr'>videri</span> <span class='ocrx_word' id='word_1_175' title='bbox 890 2793 1006 2875; x_wconf 84' lang='lat' dir='ltr'>queat.</span> <span class='ocrx_word' id='word_1_176' title='bbox 1039 2777 1101 2854; x_wconf 83' lang='lat' dir='ltr'>Se-</span> 
     </span>
     <span class='ocr_line' id='line_1_24' title="bbox 54 2883 1100 2987; baseline 0.003 -21"><span class='ocrx_word' id='word_1_177' title='bbox 54 2907 213 2987; x_wconf 86' lang='lat' dir='ltr'>quuntur</span> <span class='ocrx_word' id='word_1_178' title='bbox 243 2890 278 2962; x_wconf 90' lang='lat' dir='ltr'>in</span> <span class='ocrx_word' id='word_1_179' title='bbox 325 2910 416 2962; x_wconf 88' lang='lat' dir='ltr'>nova</span> <span class='ocrx_word' id='word_1_180' title='bbox 449 2887 609 2962; x_wconf 85' lang='lat' dir='ltr'>editione</span> <span class='ocrx_word' id='word_1_181' title='bbox 646 2887 686 2962; x_wconf 88' lang='lat' dir='ltr'>de</span> <span class='ocrx_word' id='word_1_182' title='bbox 720 2883 866 2963; x_wconf 86' lang='lat' dir='ltr'>Excidio</span> <span class='ocrx_word' id='word_1_183' title='bbox 913 2884 1100 2982; x_wconf 76' lang='lat' dir='ltr'>Babylonis</span> 
     </span>
     <span class='ocr_line' id='line_1_25' title="bbox 57 2995 1098 3102; baseline -0.006 -26"><span class='ocrx_word' id='word_1_184' title='bbox 57 3002 145 3098; x_wconf 80' lang='lat' dir='ltr'>upud</span> <span class='ocrx_word' id='word_1_185' title='bbox 162 3000 195 3077; x_wconf 80' lang='lat' dir='ltr'>S.</span> <span class='ocrx_word' id='word_1_186' title='bbox 215 2997 381 3074; x_wconf 81' lang='lat' dir='ltr'>Ioannem</span> <span class='ocrx_word' id='word_1_187' title='bbox 409 2995 722 3083; x_wconf 71' lang='lat' dir='ltr'>demurrllrutioneu</span> <span class='ocrx_word' id='word_1_188' title='bbox 782 2998 951 3092; x_wconf 87' lang='lat' dir='ltr'>Quarum</span> <span class='ocrx_word' id='word_1_189' title='bbox 970 2997 1009 3088; x_wconf 78' lang='lat' dir='ltr'>b&gt;</span> <span class='ocrx_word' id='word_1_190' title='bbox 1025 3007 1098 3102; x_wconf 89' lang='lat' dir='ltr'>pri.</span> 
     </span>
     <span class='ocr_line' id='line_1_26' title="bbox 53 3107 1098 3216; baseline 0.002 -28"><span class='ocrx_word' id='word_1_191' title='bbox 53 3136 107 3188; x_wconf 88' lang='lat' dir='ltr'>nra</span> <span class='ocrx_word' id='word_1_192' title='bbox 137 3112 172 3189; x_wconf 94' lang='lat' dir='ltr'>id</span> <span class='ocrx_word' id='word_1_193' title='bbox 198 3115 297 3208; x_wconf 81' lang='lat' dir='ltr'>agit,</span> <span class='ocrx_word' id='word_1_194' title='bbox 330 3125 371 3188; x_wconf 85' lang='lat' dir='ltr'>ut</span> <span class='ocrx_word' id='word_1_195' title='bbox 398 3111 562 3186; x_wconf 89' lang='lat' dir='ltr'>ollendat</span> <span class='ocrx_word' id='word_1_196' title='bbox 583 3107 759 3210; x_wconf 91' lang='lat' dir='ltr'>Babyloni</span> <span class='ocrx_word' id='word_1_197' title='bbox 790 3109 934 3188; x_wconf 88' lang='lat' dir='ltr'>loannis</span> <span class='ocrx_word' id='word_1_198' title='bbox 954 3114 1098 3216; x_wconf 79' lang='lat' dir='ltr'>nullutn</span> 
     </span>
     <span class='ocr_line' id='line_1_27' title="bbox 59 3221 1101 3323; baseline -0.006 -23"><span class='ocrx_word' id='word_1_199' title='bbox 59 3224 123 3301; x_wconf 83' lang='lat' dir='ltr'>elle</span> <span class='ocrx_word' id='word_1_200' title='bbox 145 3226 299 3300; x_wconf 88' lang='lat' dir='ltr'>inditum</span> <span class='ocrx_word' id='word_1_201' title='bbox 333 3221 526 3309; x_wconf 71' lang='lat' dir='ltr'>Romana,</span> <span class='ocrx_word' id='word_1_202' title='bbox 559 3223 616 3299; x_wconf 88' lang='lat' dir='ltr'>leo</span> <span class='ocrx_word' id='word_1_203' title='bbox 643 3221 890 3323; x_wconf 85' lang='lat' dir='ltr'>cuiuscunque</span> <span class='ocrx_word' id='word_1_204' title='bbox 915 3223 991 3302; x_wconf 69' lang='lat' dir='ltr'>aliae</span> <span class='ocrx_word' id='word_1_205' title='bbox 1006 3225 1101 3304; x_wconf 89' lang='lat' dir='ltr'>chri.</span> 
     </span>
     <span class='ocr_line' id='line_1_28' title="bbox 10 3333 1100 3434; baseline 0.006 -22"><span class='ocrx_word' id='word_1_206' title='bbox 10 3390 13 3400; x_wconf 81' lang='lat'>·</span> <span class='ocrx_word' id='word_1_207' title='bbox 56 3337 167 3414; x_wconf 81' lang='lat' dir='ltr'>lilanae</span> <span class='ocrx_word' id='word_1_208' title='bbox 182 3333 343 3416; x_wconf 80' lang='lat' dir='ltr'>Ecclefiae</span> <span class='ocrx_word' id='word_1_209' title='bbox 360 3334 620 3427; x_wconf 65' lang='lat' dir='ltr'>characterem</span> <span class='ocrx_word' id='word_1_210' title='bbox 649 3333 784 3434; x_wconf 87' lang='lat' dir='ltr'>quade</span> <span class='ocrx_word' id='word_1_211' title='bbox 811 3358 850 3412; x_wconf 89' lang='lat' dir='ltr'>re</span> <span class='ocrx_word' id='word_1_212' title='bbox 865 3359 974 3430; x_wconf 84' lang='lat' dir='ltr'>nrox;</span> <span class='ocrx_word' id='word_1_213' title='bbox 999 3363 1100 3420; x_wconf 87' lang='lat' dir='ltr'>nuuc</span> 
     </span>
     <span class='ocr_line' id='line_1_29' title="bbox 55 3444 1178 3547; baseline 0.004 -23"><span class='ocrx_word' id='word_1_214' title='bbox 55 3449 89 3524; x_wconf 90' lang='lat' dir='ltr'>id</span> <span class='ocrx_word' id='word_1_215' title='bbox 120 3447 343 3547; x_wconf 74' lang='lat' dir='ltr'>propositum</span> <span class='ocrx_word' id='word_1_216' title='bbox 377 3448 450 3534; x_wconf 88' lang='lat' dir='ltr'>est,</span> <span class='ocrx_word' id='word_1_217' title='bbox 482 3447 582 3547; x_wconf 88' lang='lat' dir='ltr'>quod</span> <span class='ocrx_word' id='word_1_218' title='bbox 619 3444 770 3524; x_wconf 84' lang='lat' dir='ltr'>secunda</span> <span class='ocrx_word' id='word_1_219' title='bbox 791 3446 1099 3530; x_wconf 86' lang='lat' dir='ltr'>demonstratione</span> <span class='ocrx_word' id='word_1_220' title='bbox 1174 3480 1178 3488; x_wconf 59' lang='lat'><em>¹</em></span> 
     </span>
     <span class='ocr_line' id='line_1_30' title="bbox 57 3555 1105 3661; baseline 0.003 -25"><span class='ocrx_word' id='word_1_221' title='bbox 57 3559 198 3637; x_wconf 83' lang='lat' dir='ltr'>coniicit</span> <span class='ocrx_word' id='word_1_222' title='bbox 224 3557 411 3637; x_wconf 89' lang='lat' dir='ltr'>Bolluetus</span> <span class='ocrx_word' id='word_1_223' title='bbox 436 3559 480 3634; x_wconf 89' lang='lat' dir='ltr'>de</span> <span class='ocrx_word' id='word_1_224' title='bbox 508 3558 596 3635; x_wconf 88' lang='lat' dir='ltr'>urbe</span> <span class='ocrx_word' id='word_1_225' title='bbox 628 3555 771 3643; x_wconf 87' lang='lat' dir='ltr'>Roma,</span> <span class='ocrx_word' id='word_1_226' title='bbox 814 3561 955 3661; x_wconf 85' lang='lat' dir='ltr'>qualem</span> <span class='ocrx_word' id='word_1_227' title='bbox 984 3564 1105 3643; x_wconf 78' lang='lat' dir='ltr'>niodo</span> 
     </span>
     <span class='ocr_line' id='line_1_31' title="bbox 55 3664 1132 3776; baseline -0.004 -30"><span class='ocrx_word' id='word_1_228' title='bbox 55 3693 97 3746; x_wconf 79' lang='lat' dir='ltr'>ea</span> <span class='ocrx_word' id='word_1_229' title='bbox 118 3670 343 3755; x_wconf 85' lang='lat' dir='ltr'>Tertulliano</span> <span class='ocrx_word' id='word_1_230' title='bbox 364 3671 589 3757; x_wconf 79' lang='lat' dir='ltr'>audirimus,</span> <span class='ocrx_word' id='word_1_231' title='bbox 620 3693 814 3770; x_wconf 83' lang='lat' dir='ltr'>maguam,</span> <span class='ocrx_word' id='word_1_232' title='bbox 841 3696 956 3770; x_wconf 87' lang='lat' dir='ltr'>regno</span> <span class='ocrx_word' id='word_1_233' title='bbox 978 3674 1097 3776; x_wconf 83' lang='lat' dir='ltr'>super.</span> <span class='ocrx_word' id='word_1_234' title='bbox 1130 3664 1132 3670; x_wconf 75' lang='grc'>’</span> 
     </span>
     <span class='ocr_line' id='line_1_32' title="bbox 56 3780 1099 3876; baseline 0.007 -16"><span class='ocrx_word' id='word_1_235' title='bbox 56 3780 152 3874; x_wconf 81' lang='lat' dir='ltr'>baur,</span> <span class='ocrx_word' id='word_1_236' title='bbox 178 3781 436 3865; x_wconf 79' lang='lat' dir='ltr'>ettanttorun</span> <span class='ocrx_word' id='word_1_237' title='bbox 457 3781 748 3876; x_wconf 83' lang='lat' dir='ltr'>debellatricem,</span> <span class='ocrx_word' id='word_1_238' title='bbox 777 3783 965 3866; x_wconf 85' lang='lat' dir='ltr'>militantis</span> <span class='ocrx_word' id='word_1_239' title='bbox 992 3789 1099 3867; x_wconf 80' lang='lat' dir='ltr'>nimi-</span> 
     </span>
    </p>
   </div>
   <div class='ocr_carea' id='block_1_4' title="bbox 0 0 1206 4478">
    <p class='ocr_par' dir='ltr' id='par_1_4' title="bbox 0 0 1206 4478">
     <span class='ocr_line' id='line_1_33' title="bbox 0 0 1206 4478; baseline 0 0"><span class='ocrx_word' id='word_1_240' title='bbox 0 0 1206 4478; x_wconf 95' lang='lat' dir='ltr'> </span> 
     </span>
    </p>
   </div>
  </div>
 </body>
</html>
