2400 4478
144 209 224 278 r9o
505 172 649 271 Erchia
674 180 857 262 misiturrr'
913 252 918 259 .

140 407 164 447 ‚,
192 347 318 439 oiri,
341 341 456 431 istud,
472 341 578 443 quod
597 366 667 420 uec
689 346 795 423 initio
823 347 1016 448 complesti
1045 355 1167 457 enimn

137 520 163 558 ‚,
191 462 388 562 oportuit,
423 472 487 533 ant
522 451 550 530 ti
586 453 705 532 scisses
737 459 981 557 complexus,
1024 463 1165 548 silentio

137 632 161 670 „
189 573 370 675 praeterire
414 568 609 667 oportuit.
645 568 907 648 inconsiderate
960 572 1165 675 effutivisii:

136 742 161 784 ,‚
190 684 288 763 uude
310 679 484 758 discordia
510 681 605 755 iuter
630 698 698 755 ror
723 686 947 777 concitata,
1012 686 1165 771 Excute.

136 820 220 876 nrus
251 796 416 875 interim,
448 791 579 867 divino
619 791 776 869 relidam
808 795 964 885 iudicio,
1006 801 1163 902 brasphe.

135 910 309 988 miamin
342 907 561 1006 imperatore
596 902 680 980 rudi
711 903 852 992 adhuc,
883 908 964 1007 psus
989 917 1163 1016 tranquil·

135 1022 244 1103 litatis
284 1016 442 1120 publica
473 1034 587 1117 qnam
624 1018 842 1115 integritatis
874 1021 956 1097 sidei
991 1025 1158 1108 studioso.

218 1174 480 1261 Constantinus
502 1174 626 1254 tamen
656 1174 798 1276 postea,
827 1198 914 1259 cunr
942 1180 1024 1265 Osii
1048 1190 1086 1266 in
1112 1190 1159 1292 sy.

133 1294 236 1377 nodo
256 1290 496 1372 Alexandrina
514 1313 624 1393 opera
646 1288 773 1381 frustra
795 1288 881 1369 esset
906 1290 952 1371 ad
976 1298 1052 1375 Arii
1074 1326 1157 1380 con.

132 1406 354 1507 versionem,
378 1402 431 1481 'de
452 1407 528 1480 eius
542 1404 728 1503 protervia
740 1417 777 1478 et
799 1406 981 1503 impietate
996 1406 1153 1503 edotinr,

132 1542 248 1627 quum
272 1521 378 1595 etiam
399 1515 548 1593 auderet
570 1514 675 1592 Arina
696 1511 873 1616 adipsum
898 1520 1152 1620 imperatorem

133 1635 268 1711 litterar
294 1630 398 1714 dare,
431 1625 645 1713 rescribens,
676 1628 751 1704 eins
777 1626 958 1706 adversam
988 1626 1029 1711 io
1053 1634 1152 1717 Chri·

129 1746 223 1824 sium
243 1757 283 1819 et
307 1734 496 1818 Ecclesiam
520 1738 719 1832 dodrinam
739 1744 927 1838 coarguit,
949 1750 1151 1841 pertinacis·

128 1880 202 1956 que
226 1854 364 1933 causam
393 1849 561 1949 legitimo
594 1848 752 1928 Ecclesiae
780 1854 917 1935 ¹iudicio
944 1859 984 1932 in
1015 1858 1149 1959 synodo

129 1965 300 2051 Nicaeua,
321 1956 482 2040 Patribus
503 1960 548 2038 ad
571 1970 696 2062 pacem
720 1979 758 2039 et
778 1966 1015 2044 concordiam
1031 1973 1148 2057 adruu-

128 2083 236 2166 uitis,
265 2076 427 2176 reliquit,
450 2087 564 2173 prout
605 2096 681 2149 rem
720 2091 865 2171 enarrat¹
890 2071 929 2165 u)
965 2078 1146 2163 Socrates:

125 2248 150 2288 „
177 2188 287 2271 Tnuc
315 2189 427 2284 igitur
445 2207 533 2261 cunr
557 2181 602 2261 de
627 2204 713 2286 pace
736 2202 774 2263 et
794 2190 993 2267 concordia
1013 2196 1146 2287 abunde

34 2374 39 2383 ,
127 2360 152 2399 „
178 2295 404 2385 disseruisset,
435 2295 604 2397 deinceps
638 2310 684 2387 ‚ut
719 2294 766 2374 de
806 2298 992 2398 religionis
1027 2308 1145 2387 nostru

125 2470 151 2512 ,,
178 2402 414 2511 dogmatibus
435 2411 652 2486 accurrarius
671 2408 935 2510 disquirerent..
947 2438 1082 2498 eorum
1098 2444 1145 2497 ar·

123 2583 149 2625 „
177 2529 288 2607 bitrio
323 2522 560 2626 potestatique
589 2502 783 2623 resiqr'rit'„

209 2683 282 2768 Hic
303 2685 374 2764 iam
409 2677 665 2762 subsistendum
695 2678 812 2761 fnisset
842 2684 1142 2783 orthodoxo.rt

122 2798 307 2883 catholico
332 2799 505 2897 principi,
535 2809 644 2897 atque
671 2797 807 2872 iudicio
831 2796 957 2897 synodi
985 2824 1139 2885 oecume.

123 2917 213 2992 nicae
233 2910 409 2988 standum.
465 2904 537 2986 Sed
564 2911 593 2984 is
612 2906 733 3008 postea
756 2904 1042 2993 Eusebiauoruur
1066 2920 1137 2995 arti-

121 3026 191 3104 bur
218 3022 384 3109 delusus,
415 3018 540 3099 Arium
568 3024 676 3118 recipi
707 3021 744 3096 iu
772 3017 978 3123 rectorum,
996 3027 1137 3107 Alexan·

119 3139 261 3215 drinam
288 3135 406 3220 iubet,
436 3132 656 3210 recusantem
683 3155 771 3217 vero
800 3135 934 3210 interea
963 3142 1135 3241 temporir

118 3252 158 3328 iu
180 3248 297 3329 sedern
329 3244 604 3323 Alexandrinam
632 3243 793 3320 evetium
822 3244 857 3320 S.
889 3245 1133 3338 Athanasium,

119 3363 224 3439 variis
249 3360 436 3435 calumniis
469 3356 669 3434 accusatum
703 3356 917 3434 inexilium
955 3362 1035 3450 ire,
1068 3362 1132 3441 tre·

118 3472 302 3551 xaudrirris
328 3493 399 3569 pro
437 3465 656 3545 restituendo
683 3465 873 3544 Athanasio
897 3477 1129 3569 rogantibus.

117 3584 325 3689 posthabito
364 3578 508 3658 concilii
544 3577 685 3656 Nicaeui
721 3579 896 3668 decreto,
947 3584 1128 3673 rescribit,

114 3720 192 3777 nou
228 3691 327 3794 posse
362 3713 533 3768 revocare
568 3689 603 3767 se
636 3689 824 3767 homiuem
855 3691 1129 3776 seditiosnmet

114 3808 345 3890 ecclesiastico
363 3800 502 3893 iudicio
525 3800 834 3893 condemnatum,
863 3819 903 3884 nt
920 3801 1127 3889 Eusebianos

986 3944 1071 4001 rum

152 4043 260 4126 pru.
283 4042 307 4107 1.
330 4061 356 4106 e
380 4057 432 4107 22.
