2400 4478
414 614 454 705 C
481 642 506 702 n
534 638 558 703 e
591 636 617 703 ‘u
645 639 676 703 r
729 613 890 708 xxm

217 816 337 900 Secula
366 817 433 900 IV.
460 831 499 900 et
528 816 573 901 V,
591 810 667 923 Juh
697 813 813 922 impp.
839 809 1057 914 christianis.

116 972 254 1155 Dum
280 1034 427 1113 interim
460 1030 611 1115 ineunte
630 1031 698 1113 icc.
731 1023 796 1113 lV.
825 1048 905 1112 non
930 1039 1057 1116 minue
1076 1058 1157 1120 exa·

218 1144 402 1227 iiiouibus
434 1172 502 1249 per
529 1149 734 1250 provincias
765 1146 786 1245 ‘(‘
801 1162 840 1226 ut
867 1168 984 1249 porro
1009 1140 1156 1230 [aitan-

116 1264 192 1343 tiue
213 1286 250 1339 n.
273 1276 339 1351 23.
364 1277 401 1363 p.
426 1275 520 1356 214.
542 1256 749 1370 memorat)
774 1279 885 1362 quam
907 1259 1157 1362 periemrrione

116 1378 156 1453 in
176 1369 390 1453 christianos
407 1373 559 1452 saeviunt
584 1369 802 1482 Diocletiani
825 1375 863 1450 in
890 1369 1049 1475 imperio
1072 1374 1155 1459 socii

116 1486 429 1574 Maximinianae.
459 1482 576 1566 ditius
611 1479 837 1573 Herculeus,
867 1475 1153 1571 Maximinianus

113 1599 306 1688 Galerius,
334 1614 374 1677 et
392 1596 524 1700 reliqui
539 1593 679 1698 augusti
693 1599 739 1676 ad
759 1596 1027 1698 complendum
1044 1600 1153 1705 iepte·

115 1718 260 1791 narium
286 1730 482 1791 numerum
498 1708 540 1800 u)
558 1709 785 1810 designatum
802 1730 825 1790 'a
844 1710 1002 1809 loanne3
1017 1715 1151 1794 ultima

116 1829 286 1906 omnium
310 1820 527 1901 atrociiiima
552 1824 804 1924 persecutione
831 1813 986 1902 Ecclesia
1010 1828 1150 1929 prospe·

114 1952 216 2016 ratur
242 1952 279 2014 er
306 1928 500 2025 accrescit,
527 1930 655 2012 mediis
685 1939 821 2025 eriam,
853 1929 965 2015 veluti
995 1935 1148 2019 israelite

116 2053 153 2127 in
193 2043 382 2151 AEgypm,
413 2045 451 2124 in
481 2041 669 2148 pressuris,
701 2060 744 2127 ut
776 2048 912 2127 velex
943 2046 1055 2129 rebus
1089 2053 1146 2130 iliis

116 2157 474 2243 Ecciefiaeconiicere
493 2158 598 2247 iicet,
614 2180 704 2262 quas
727 2157 811 2238 iiico
830 2154 985 2240 additias
1004 2181 1083 2242 nun
1102 2165 1147 2243 so·

117 2275 196 2351 lum
244 2273 381 2349 restitui
422 2275 695 2374 quamprimum
738 2267 832 2351 inilit
868 2270 1145 2366 Constantinus,

117 2385 263 2463 devitiis
292 2385 441 2462 demum
473 2381 646 2462 omnibus
677 2385 859 2466 christiani
894 2385 1059 2469 neminie
1088 2390 1146 2468 hn

116 2499 226 2576 stibus
268 2495 337 2575 suis
378 2495 684 2585 anteteisoribus,
724 2509 762 2576 et
809 2490 989 2600 collegis}
1031 2518 1146 2581 verum

117 2615 225 2690 etiam
245 2627 301 2689 res
326 2623 363 2689 et
386 2611 554 2712 personas
572 2608 817 2690 ecclefiastieas
841 2609 1073 2693 immunitate
1090 2615 1146 2692 de
1177 2688 1181 2699 .

116 2722 226 2802 navit.
294 2780 318 2818 ‚,
347 2717 431 2802 Fuit
461 2723 537 2803 hoc
565 2737 822 2823 argumentum
860 2718 918 2802 vel
952 2730 1143 2805 maximum

115 2895 139 2932 ‚,
168 2839 395 2925 reverentie,
414 2832 522 2938 quam
540 2840 621 2938 pius
640 2840 830 2939 princeps,
847 2830 1144 2926 mma‘momenus
1186 2870 1190 2875 ·

115 3006 139 3045 ,‚
167 2947 348 3046 loquitur,
363 2971 448 3050 erga
474 2949 690 3049 religionem
710 2951 869 3050 gerebat.
909 2941 1008 3028 Nam
1023 2964 1061 3049 et
1075 2974 1144 3031 om·

116 3120 139 3159 „
167 3088 231 3142 nes
263 3058 396 3163 ubique
425 3061 576 3141 clericos
610 3065 840 3140 immunitate
870 3055 1047 3154 donauit,
1075 3065 1143 3165 lege

115 3236 138 3272 ‚‚
169 3177 236 3254 hac
269 3175 313 3251 de
340 3193 377 3251 re
411 3174 608 3276 specialiter
641 3172 743 3252 data:
776 3175 934 3277 illisque,
964 3172 1143 3277 quierant

115 3341 138 3384 ,,
168 3292 205 3364 in
228 3283 402 3365 iudicium
425 3292 565 3375 vocari,
590 3287 690 3365 dedit
711 3284 948 3388 potestatem,
978 3279 1142 3366 rivellen
1181 3322 1189 3393 3

114 3460 137 3494 „
168 3402 393 3500 magistratus
423 3400 543 3479 civiles
590 3402 764 3488 reicere,
808 3401 853 3478 ad
895 3399 1141 3503 episcoporum

116 3515 344 3607 „iudicium
380 3514 629 3615 provocandi:
660 3528 790 3590 eorum
823 3525 944 3592 autem
982 3513 1144 3595 sentent'u
1180 3552 1190 3607 t

117 3686 140 3733 a>
171 3645 243 3703 rata
276 3623 382 3713 esset,
427 3640 464 3704 et
491 3625 648 3709 aliorum
677 3624 840 3703 iudicum
874 3610 1060 3705 sententiis
1075 3624 1143 3727 pins
1179 3668 1190 3717 ,η

119 3799 141 3835 „
169 3739 301 3816 habere
334 3739 578 3829 austoritatis,-
612 3753 783 3836 tanquam
816 3730 965 3836 abipso
1001 3741 1142 3841 impeta·
1179 3781 1190 3830 ς

122 3913 144 3948 „
170 3869 251 3931 tore
272 3856 473 3952 prolatam,
489 3855 633 3941 statuit3
666 3861 777 3950 utque
792 3842 1017 3949 magistratus
1035 3874 1091 3929 ree
1108 3846 1140 3927 ab

1028 3989 1101 4040 er·

157 4077 191 4151 a)
209 4070 267 4139 vid.
290 4072 405 4140 Buffuet
424 4071 464 4134 in.
483 4087 508 4134 c.
534 4061 631 4134 lei.
665 4068 754 4142 Apoc.
809 4067 842 4147 b)
868 4063 919 4132 lib.
941 4063 964 4133 Ι.
986 3987 1141 4144 hist.pc.51
