2400 4478
86 219 173 294 ⁴28
446 198 593 295 Eceiein
620 203 779 283 militant

105 369 271 451 (titubat,
301 368 442 465 sperans
473 363 558 465 sese,
588 362 673 465 falfi
696 367 953 464 praninionem
988 368 1136 451 Domini

105 484 350 559 convitiatum
364 477 443 573 eise,
464 496 506 555 ut
521 478 775 555 Theodoretus
791 478 830 568 a)
844 483 1039 581 loquitur3
1056 510 1129 566 cum

102 608 251 676 tannen,
283 604 322 665 ut
342 590 437 666 San·
465 588 670 666 Maureniee
681 593 834 667 editores
852 597 921 669 iam
940 613 1131 688 notarunt,

109 705 233 781 stultus
259 705 440 800 potiusne
465 702 660 777 invitusad
690 726 767 777 eam
800 703 934 781 Chtisti
965 712 1128 806 praditii·

107 838 218 889 onem
250 819 393 911 penitus
419 813 701 910 ⁸adimplendam
730 816 857 913 (quod
886 840 976 893 cum
998 821 1035 895 S.
1065 823 1129 923 Cy.

91 926 204 1003 tillus
216 923 353 1002 Hieros.
371 923 592 1001 cathechesin
604 922 690 1001 XV.
713 925 879 1011 habebat,
900 932 1059 1007 necdum
1073 959 1126 1032 pe.

107 1040 240 1114 nitusi
223 1037 352 1113 atium
365 1033 724 1124 fuerat)c0ntulent
740 1051 781 1112 ut
794 1039 966 1138 deinceps
985 1046 1123 1121 consen-

106 1148 145 1225 su
162 1153 332 1245 omnium
343 1148 585 1245 scriptorum,
616 1147 794 1223 Ammiani
812 1153 918 1225 etiam
935 1153 1123 1233 Marcellini

77 1259 91 1307 ⁴·
107 1240 233 1338 Iuliani
257 1260 469 1345 adulatoris,
499 1282 540 1334 ac
559 1257 718 1358 ipsorum
740 1258 946 1338 latinorum
975 1266 1011 1342 S.
1043 1266 1117 1345 Gne-

8 1423 9 1426 =
103 1377 231 1471 gorius
258 1375 428 1470 exponit:
464 1385 544 1446 tum
581 1371 658 1469 post
675 1388 831 1447 enarrata
865 1373 1017 1465 iuliani,
1044 1377 1114 1457 Den

105 1483 306 1567 vindice,
297 1507 333 1557 m
354 1481 460 1559 'bello
491 1479 628 1558 Persico
653 1482 746 1568 fata,
777 1483 1009 1575 summatim,
1049 1514 1113 1590 qua

101 1596 168 1673 sub
183 1619 229 1671 en
256 1594 430 1671 christiani
450 1619 469 1667 a
480 1593 672 1691 gentilibus
687 1594 832 1693 perpessi
850 1597 956 1684 sunt,
985 1620 1112 1678 mortno

101 1710 175 1784 iam
192 1706 358 1791 iuliano,
387 1707 436 1779 ad
456 1705 612 1781 fidelium
633 1709 772 1781 animos
801 1711 998 1806 erigendos
1029 1737 1109 1789 com·

99 1820 234 1918 ,plexus
267 1870 287 1908 „
305 1817 392 1892 Non
417 1819 507 1899 iam,
535 1821 609 1910 (nit
624 1813 668 1905 :)
697 1819 733 1892 in
752 1815 861 1895 sacras
879 1823 1018 1901 nostras
1035 1825 1108 1903 aedn

97 1984 126 2022 ‚,
153 1951 282 2027 pravos
298 1928 430 2015 ¹oculos
446 1930 615 2003 iniicient.
674 1927 762 2005 Non
781 1933 850 2006 iam
883 1957 989 2020 atas,
1019 1961 1039 2011 a
1062 1961 1108 2036 pn

98 2095 125 2132 „
155 2038 286 2114 riffimo
307 2058 344 2114 et
367 2043 555 2114 incr-uento
582 2038 898 2118 samificin‘nomen
926 2046 1106 2133 habentes,

96 2206 123 2243 ,‚
153 2151 296 2227 scelesto
314 2153 481 2248 sanguine
499 2154 814 2228 contaminabunt:
845 2178 919 2231 nec
934 2157 1016 2241 inca
1035 2159 1105 2236 iacit

98 2319 123 2354 ,‚
153 2287 216 2359 per
248 2267 354 2360 impin
387 2262 503 2336 altaria
524 2263 666 2360 probro
692 2286 735 2339 nc
759 2264 1104 2347 dedecore-afficient

99 2429 122 2468 ,,
152 2373 239 2450 ΝοΓΓ
267 2379 335 2451 iam
366 2373 531 2471 iactilega
549 2398 657 2450 manu
679 2378 796 2450 votiva
813 2376 908 2452 dona
928 2380 1103 2481 diripient,

96 2542 121 2580 „
149 2485 464 2587 annuntiabunt,
484 2489 701 2586 impietatem
727 2490 866 2565 avaritia
882 2495 1104 2573 cumulantes.

96 2656 119 2694 „
149 2598 236 2676 Non
268 2603 343 2676 ¹inm
379 2599 602 2674 sacerdotum
634 2603 835 2687 canitiem,
880 2601 1104 2685 diaconorum

70 2743 73 2751 ·
93 2719 132 2804 „²
149 2712 384 2797 tantitatem,
407 2713 587 2808 virginum
600 2710 779 2808 ‘pudorem
799 2719 1025 2794 contumelia
1044 2742 1104 2819 per·
1147 2754 1149 2769 ‹

94 2878 119 2914 „
146 2822 307 2900 fundent.
367 2823 455 2901 Non
474 2827 542 2898 iam
573 2825 609 2898 in
626 2822 825 2899 ianitorum
843 2826 1103 2907 incisorumvii·
1147 2835 1149 2882 Γ

67 2950 117 3029 ’,,
146 2957 224 3011 ceta
255 2925 376 3012 ioednn
404 2949 442 3010 et
474 2938 637 3032 impuros
664 2959 799 3032 porcos
826 2937 1048 3030 immittent,
1075 2952 1102 3017 ut
1146 2949 1149 2993 Γ

92 3102 120 3139 ,,.
145 3038 304 3123 simulet
321 3047 455 3148 pabulo
472 3064 507 3122 et
529 3045 714 3122 visceribus
738 3047 993 3128 saturarentur.
1032 3054 1101 3133 Nm
1144 3058 1149 3106 ¹

91 3214 114 3252 ‚,
144 3158 210 3232 iam
238 3178 434 3257 martyrum
452 3157 618 3257 seputcns
637 3161 756 3255 ignem
774 3158 1051 3258 admonebunt,
1073 3175 1101 3241 nt
1143 3146 1149 3221 Γ

90 3327 113 3363 ,,
145 3292 353 3368 petentum
379 3272 616 3368 ignominiam
633 3270 722 3345 alios
740 3294 761 3344 a
782 3277 990 3353 certamine.
1004 3279 1101 3353 deter·
1141 3282 1149 3356 Γ

88 3438 111 3476 ,,
142 3396 250 3458 reant.
308 3380 396 3457 Non
414 3382 482 3457 iam
498 3381 693 3458 {antimum
714 3383 876 3480 reliquias
892 3407 983 3461 cum
1005 3386 1100 3466 niliffi·
1140 3370 1149 3443 Γ

86 3552 109 3599 ,‚
139 3489 422 3591 mis'oiiibusp'et
439 3492 1039 3590 contemtumparntixtasiiammis
1059 3501 1100 3579 ai·

88 3605 302 3714 sument,
334 3607 423 3679 etin
444 3609 763 3702 ventosipa'rgent:
795 3620 833 3680 ut
867 3631 915 3680 eo
949 3610 1096 3697 honore,

86 3722 197 3822 „qui
221 3714 398 3797 eiusmodi
417 3714 624 3791 hominibus
645 3717 813 3801 debeturt
845 3718 943 3815 ipsos
961 3728 1095 3820 privent
1133 3727 1149 3775 ¹

83 3833 225 3946 „Non
255 3831 333 3905 iam
367 3826 568 3904 cathedram
599 3828 819 3925 pestilentiae
835 3833 1093 3919 construente,
1132 3811 1147 3883 Γ

81 3904 316 4054 ΞΓΓΓΓΙεάΓΓΓΓ
333 3956 367 4017 et
381 3942 537 4017 convitia
555 3936 715 4018 adversus
730 3938 937 4042 episcopua,
960 3965 998 4026 et
1019 3943 1091 4048 prei-

123 4096 154 4159 n)
178 4085 237 4148 Lib.
263 4080 314 4146 lii.
338 4079 449 4146 hinc.
476 4100 523 4163 17.
797 4108 800 4113 ·
979 4061 1073 4166 bytn·
