2400 4478
197 233 348 312 regnum
364 206 508 336 'eurora‘
535 213 575 287 iu
604 212 723 291 terris.
755 235 782 288 c.
809 210 940 292 XXII.
1025 229 1102 306 169
1189 271 1191 275 -

60 377 135 463 let,
177 399 218 452 ac
243 373 409 473 elargiri,
442 387 483 458 ut
508 374 623 473 palam
650 371 690 451 iit
714 396 759 450 ex
781 376 928 474 epistola
954 375 1103 479 Diony-

59 488 99 570 it
141 486 313 567 Corinthi
342 484 454 585 episc.
494 488 537 567 ad
575 487 739 563 Soterem
776 485 813 563 Ρ.
862 489 959 587 apud
999 486 1106 567 Euse—
1146 562 1150 568 .

60 603 163 680 bium
180 597 234 687 u):
263 597 563 680 consuetudinem
589 599 681 678 banc
705 655 727 690 ‚‚
757 599 825 677 iam
849 602 934 678 inde
957 605 1002 678 ab
1027 601 1104 702 ipso

59 770 83 808 ‚,
114 714 300 810 religionis
334 710 489 793 exordio
524 708 642 791 fuisse:
681 725 750 796 ut,
782 715 934 808 pergit,
973 713 1101 791 fratres

59 882 86 920 „
114 848 240 899 omne-s
269 827 366 902 vario
393 821 650 903 beneficiorum
684 845 818 920 genere
846 821 1030 914 afficiatis,
1068 842 1104 905 et

60 994 83 1031 ,‚
114 934 267 1021 ecclesiis
297 958 404 1033 quam
435 935 623 1032 plurimis,
656 958 734 1034 quae
761 937 798 1011 in
825 934 973 1035 lingulis
1007 941 1105 1015 urbi·

60 1088 87 1150 ᾖ,
113 1051 181 1125 bus
221 1048 421 1129 constitute
463 1047 569 1134 lunt,
608 1044 795 1128 necessaria
833 1050 912 1124 vitae
954 1047 1105 1129 subsidia

61 1217 84 1254 „
113 1160 379 1243 transmittatis,
406 1171 445 1240 et
470 1155 538 1237 hac
560 1164 703 1241 ratione¹
719 1173 800 1242 tum
831 1161 997 1258 gentium
1022 1164 1105 1238 ium.-

60 1329 84 1367 ,‚
112 1277 209 1372 piam
234 1270 445 1357 sublevetis,
477 1287 556 1356 turn
583 1272 774 1358 fratribus,
806 1274 868 1370 qui
894 1277 930 1347 in
951 1273 1102 1359 metallis

59 1442 82 1476 „
112 1407 209 1482 opus
229 1382 382 1467 faciunt,
414 1381 600 1464 necessaria
619 1382 897 1483 suppeditetur„
956 1382 1102 1484 Diony-

60 1495 132 1574 fios
170 1493 430 1573 Alexandrinus
446 1497 543 1592 apud
572 1492 765 1575 Eusebium
785 1493 1006 1584 l)testarur,
1037 1522 1095 1574 eas

54 1609 273 1705 largitiones
301 1602 451 1681 ecdefiae
480 1605 656 1690 Romane
690 1610 728 1690 in
756 1605 898 1715 Syriam
926 1607 1041 1709 usque
1068 1625 1106 1690 et

61 1719 230 1810 Arabiam
257 1715 490 1827 pertransisti-

146 1886 286 2003 Obiicit
314 1912 596 2013 Catiliusapud
619 1912 819 1998 Minatium
848 1889 1099 2017 paupertatem

63 2028 279 2113 christianis,
311 2051 418 2127 quam
444 2043 563 2121 tanren
585 2026 764 2104 chrilliani
787 2017 997 2109 alii'divites
1022 2030 1104 2112 sub.

62 2140 179 2227 levare
206 2132 386 2238 poterant.
450 2141 549 2224 Arce
576 2142 614 2220 in
643 2141 878 2238 apologetico
909 2138 1103 2222 Tertullia-

63 2276 132 2336 nos
159 2254 344 2336 meminit,
373 2252 410 2333 in
443 2274 512 2352 qua
529 2252 746 2342 „modicam
770 2257 1021 2353 unusquisque
1049 2254 1124 2342 sti<

62 2421 85 2458 „
116 2363 404 2462 pearmenstrua
444 2361 604 2448 die,vel
630 2386 713 2447 cum
753 2364 859 2451 velit,
885 2363 947 2440 erfi
987 2364 1103 2445 modo

62 2533 84 2568 „
114 2473 244 2577 polilt,
276 2477 452 2572 apponit:
485 2499 568 2553 nam
607 2499 718 2554 nemo
756 2478 1012 2576 compellitur,
1045 2477 1105 2555 sed

62 2587 244 2685 „sponte
283 2586 434 2670 confert.
494 2585 583 2666 Haee
622 2585 721 2686 quad
759 2586 921 2687 deposita
963 2589 1104 2687 pietatis

62 2757 92 2796 „¹
115 2698 229 2791 sunt,
268 2723 355 2779 narn.
385 2698 469 2777 inde
502 2723 581 2777 uon.
617 2698 755 2797 epulis,
788 2723 867 2779 non
900 2697 1105 2798 potaculis,

63 2869 87 2906 „
116 2836 185 2898 nec
212 2814 361 2910 ingratis
387 2813 583 2894 voratrinis.
621 2809 864 2917 dispensatur,
893 2811 956 2897 led,
982 2812 1109 2920 egenis

62 2981 85 3017 „
115 2922 297 3019 alendis„
380 2950 383 2963 ·
1065 2918 1070 2923 ’

148 3116 340 3207 Ecclellam
381 3119 505 3217 primis
548 3128 704 3226 quoque
724 3115 872 3200 ¹seculis.
909 3116 973 3195 stab
1014 3119 1108 3196 statu

61 3227 182 3332 presso
198 3230 348 3308 mobiles
364 3254 440 3314 non
458 3229 571 3306 solum
588 3253 670 3319 res,
702 3241 737 3307 et
754 3229 967 3318 facultates,
994 3231 1107 3314 sedet

61 3343 272 3430 immobiles
293 3339 470 3429 habuisse,
493 3342 647 3425 vel'inde
663 3343 822 3430 constat,
854 3343 956 3451 quod
977 3346 1020 3420 ab
1039 3346 1113 3423 ins..

64 3457 166 3544 micis
182 3471 218 3532 et
235 3455 522 3556 persecutoribus
547 3457 833 3554 imperatoribus.
849 3454 935 3533 fisco
960 3456 1106 3539 addiciae

63 3567 158 3658 lint;·
184 3591 262 3678 quae
279 3569 432 3647 aliorum
448 3583 569 3643 tamen
591 3569 853 3667 imperatorum
873 3569 1102 3674 indulgentia

73 3695 177 3757 erant
193 3677 375 3780 permissae.
435 3677 565 3756 Veluti*
586 3678 787 3761 Alexander
812 3680 967 3759 Severus
992 3701 1101 3778 quem

67 3796 178 3879 etiarn
202 3793 394 3879 solatoria·
414 3791 478 3877 suo
500 3790 686 3875 Christum
714 3790 860 3885 coluisse
876 3789 1105 3888 Lampridius

544 3900 631 3996 las
969 3901 1053 3985 seri-

103 4061 143 4139 «)
163 4057 216 4129 sib.
237 4057 287 4126 lt.
313 4077 339 4125 c·
364 4075 413 4142 ἢ,
456 4056 554 4137 b)1b
582 4055 602 4126 l.
627 4056 732 4128 ill-c
759 4076 820 4135 4,,
