2438 4470
621 33 676 131 b

88 236 168 308 252
287 152 291 159 Ι
420 205 564 304 Eccirfio
590 206 750 287 rnilitum

87 375 369 472 „smerionbus
389 373 493 450 solito
520 371 641 470 flagris
665 381 928 469 coarguerent,
957 395 1039 448 non
1062 384 1106 447 ta

85 547 110 584 ,‚
137 513 221 563 meo
252 512 345 572 eoa,
389 489 452 583 qui
482 486 670 561 indiscrete
700 484 839 559 medos
875 487 1106 581 intemperata

85 659 109 696 „
137 600 234 676 caede
263 597 458 681 delerent,
513 595 591 671 duo
622 612 711 671 tnnc
740 592 955 672 Gothorum
989 595 1107 694 popuii

86 766 110 807 „
138 735 222 789 curn
242 708 388 785 duobus
401 705 649 806 potentissimis
660 707 804 804 regibus
816 705 885 782 surr
899 729 964 804 per
977 705 1106 785 Roma·

84 879 108 917 ,‚
137 845 199 896 nas
221 824 421 920 provincias
446 818 704 894 bacharentur:
727 842 887 917 quorum
906 843 1003 895 unus
1019 820 1106 895 chri-

85 990 110 1028 „
137 934 268 1010 ssianus
293 933 518 1031 propiorque
535 928 729 1016 Romano,
745 948 782 1006 er
806 937 829 1023 (
841 947 881 1006 ur
895 954 953 1006 res
964 930 1106 1018 docuit)

83 1102 108 1141 „
136 1048 269 1121 timore
291 1043 363 1121 Dei
387 1045 482 1118 mitis
504 1045 541 1116 in
569 1041 690 1127 crede,
709 1041 799 1119 alius
827 1066 989 1140 paganus
1005 1100 1020 1131 ,
1038 1046 1105 1119 bar.

83 1214 108 1254 „
135 1157 240 1234 barus
268 1169 305 1233 et
324 1179 406 1232 rere
423 1154 576 1254 Scytha,
605 1156 768 1254 quinon
793 1169 933 1230 rantum
955 1155 1102 1253 gloriam

82 1325 109 1363 „
136 1285 197 1345 aut
215 1266 391 1368 praedam,
421 1282 596 1365 quantum
621 1264 882 1342 inexsaturabili
901 1267 1102 1344 crudelitate

85 1438 110 1476 „
137 1379 245 1480 ipsam
275 1380 408 1477 eadem
431 1395 565 1454 amaret
587 1382 624 1453 in
649 1378 764 1453 caede:
794 1395 830 1453 et
855 1377 917 1454 hic
942 1382 1014 1454 iam
1037 1372 1114 1456 sinu

84 1550 109 1588 „
138 1507 300 1591 receptus
326 1490 453 1575 italie,
483 1489 637 1568 Romam
661 1492 872 1587 eproximo
896 1507 1101 1592 trementem

84 1661 108 1698 „
136 1621 277 1680 terrore
305 1599 489 1701 quassabat
562 1601 685 1701 traque
710 1599 733 1676 fi
757 1600 843 1677 huic
869 1602 1021 1679 ultionis
1044 1626 1100 1702 po-

2 1706 5 1711 ’
84 1773 109 1811 ,,
137 1716 239 1796 testas
270 1718 563 1814 permitteretur,
608 1737 717 1812 quem
757 1710 912 1790 Romani
958 1716 1009 1791 ob
1039 1715 1129 1791 hoe

84 1884 109 1922 „
137 1830 314 1926 precipue
329 1828 529 1902 timendum
550 1826 825 1910 arbitrabantur,
857 1828 940 1924 quia
961 1828 1099 1903 deorum
1134 1842 1139 1917 1

84 1995 108 2033 ,,
136 1939 294 2015 savorem
314 1935 563 2014 sacrificiorum
578 1937 783 2036 obsequiis
773 1939 965 2032 toritatet3
993 1956 1029 2016 et
1043 1941 1098 2013 im·

85 2048 356 2143 „moderatior
369 2048 482 2124 caedes
499 2046 571 2122 srne
594 2048 710 2125 frusto
739 1996 1003 2127 emendatiosris
1021 2038 1101 2125 arsis
1119 2068 1131 2120 f

86 2218 109 2255 „
139 2161 208 2247 set,
245 2176 281 2236 et
312 2182 412 2236 error
437 2157 646 2250 novitiatus,
663 2163 765 2259 peior
785 2164 905 2256 priore
927 2159 1096 2241 crevisset:

86 2328 110 2366 „
140 2271 432 2372 quandoquidem
445 2275 480 2349 in
498 2273 637 2370 pagani,
655 2289 689 2348 et
704 2270 902 2348 idololatrae
917 2297 1042 2352 manus
1055 2277 1098 2348 in·
1116 2272 1130 2329 ‘-

85 2440 109 2476 „
137 2379 281 2470 cidisse,
302 2407 376 2459 non
392 2382 506 2459 solum
534 2390 680 2481 paganis
696 2381 840 2459 resrduis
856 2385 902 2461 de
918 2374 1098 2463 instauran-

85 2551 108 2589 „
138 2496 185 2576 do
221 2493 319 2574 cuttu
357 2495 539 2572 idolorum
577 2491 660 2571 esset
693 2496 890 2572 indubitata
908 2495 1095 2596 persuasio,
1131 2564 1135 2571 .

87 2664 111 2702 ,‚
141 2607 197 2684 sed
215 2610 320 2683 etiam
336 2608 530 2687 christianis
548 2607 743 2706 periculosa
761 2607 953 2712 confusio,
976 2635 1055 2687 cum
1071 2620 1099 2684 et
1128 2598 1139 2649 ·'

85 2775 109 2814 a
138 2719 175 2794 hi
191 2735 407 2797 terrerentur
427 2721 655 2818 preindicio,
686 2734 722 2795 et
740 2718 791 2795 ilii
811 2718 1112 2827 confirmarentur¹

85 2886 108 2925 „
136 2832 316 2930 exemplo.
337 2830 589 2925 Quamobrem
606 2833 716 2907 iustus
730 2830 947 2930 dispensator
964 2831 1100 2911 humani

85 2998 108 3034 ,‚
136 2945 276 3037 generis
301 2942 400 3026 Deus
424 2946 537 3041 perire
552 2966 730 3043 paganum
749 2942 889 3021 hostem
908 2947 1049 3031 voluit,
1073 2955 1112 3020 et

84 3107 108 3149 „
136 3052 362 3135 christianum
376 3055 562 3151 prevalere
575 3053 743 3155 permisit,
760 3071 800 3133 ut
812 3060 941 3155 pagani
953 3056 1122 3157 blasphe--f

84 3219 109 3256 „
139 3179 347 3265 mentesque
367 3164 542 3252 Romani,
571 3181 607 3242 et
621 3166 683 3243 iilo
703 3167 1017 3247 confunderentur
1034 3189 1102 3269 per-

86 3330 109 3368 „
137 3273 233 3360 dito,
264 3292 299 3353 et
323 3277 394 3362 boc
417 3283 628 3377 punirentur
649 3277 820 3356 immisso:
852 3274 1116 3359 maximorum

85 3439 110 3481 „
137 3388 359 3484 imperatoris
390 3387 547 3466 Honorii
576 3390 780 3467 admiranda
811 3395 846 3466 iu
882 3416 971 3492 rege
1000 3392 1129 3491 cond'

85 3553 108 3591 „
137 3501 277 3583 nentia,
324 3515 359 3575 et
385 3498 586 3581 santtrffima
612 3499 697 3580 fides
725 3527 801 3579 non
827 3527 956 3602 parum
986 3492 1114 3585 divine

85 3666 107 3700 „
138 3609 385 3691 misericordie
405 3627 645 3704 nrereretur„.
695 3614 789 3690 snsra
807 3614 827 3689 Ι.
845 3639 875 3693 c.
896 3615 1125 3697 irremote..

83 3719 151 3800 stus
167 3724 289 3796 omnia
305 3723 403 3798 brevi
423 3723 699 3822 complexum,
697 3726 840 3823 ,igitur
863 3728 1038 3828 (iuquit)
1060 3734 1104 3807 iu-

83 3849 233 3932 „grata
254 3830 396 3923 Romo
424 3857 502 3935 quae
520 3833 607 3918 ficut
627 3835 975 3924 surrentinum
997 3844 1042 3919 ad
1061 3865 1106 3918 re
1110 3892 1128 3899 --

83 3999 107 4038 „
137 3945 380 4034 mittendam,
427 3945 486 4027 sed
519 3947 563 4024 ad
601 3950 866 4073 reprimendam
900 3951 1103 4067 idololatria

921 4119 945 4158 2,
968 4088 1059 4167 piae*
