2400 4478
120 204 203 294 146
439 183 776 280 Ecciesio‘miliinm
872 230 877 244 ι

116 360 159 437 a'c
182 355 295 434 tribus
320 375 374 430 vae
406 347 663 453 apocalypticis
691 352 728 429 in
757 345 892 431 Romae
912 338 1044 432 veteris
1075 376 1160 457 pro·

117 471 208 550 fanan
232 471 352 552 ruina,
381 467 579 541 meretricis
602 486 644 542 ac
666 458 863 565 Baby'lonis
883 465 1158 567 apocalyptica:

120 585 180 662 cui
209 578 427 657 Pastoriniua
452 578 638 676 geminam
667 578 788 675 iungit
813 575 969 677 Cposin.
1001 577 1158 660 Romam

120 715 253 772 novam
277 689 432 774 didam.
464 688 526 765 ubi
551 685 758 767 Romanum
781 690 976 788 imperinm
1009 691 1160 774 substitit

120 803 336 883 destruuum
355 801 501 877 demum
521 799 585 878 sec.
603 797 692 878 XV.
708 796 1004 879 aMahumeteH.
1022 802 1159 886 Tucca.

121 940 204 995 rum
222 917 306 1014 imp.
326 912 451 1013 phialae
467 926 600 1013 quattae
620 911 747 998 instar,
770 910 910 1012 epocha
927 928 1056 1014 quarta
1073 919 1159 998 effu.

120 1028 163 1107 [κ
175 1027 279 1128 super
293 1026 485 1125 imperium
499 1018 985 1123 Ecclefiantqueon'entalem
997 1025 1157 1110 schisma.

121 1143 254 1226 ticam,
275 1136 378 1236 super
393 1132 549 1213 Romam
565 1157 695 1234 nempe
706 1133 1009 1240 'Babylonemque
1026 1163 1155 1224 novam

122 1250 258 1351 Cpoiin
280 1272 343 1349 per
368 1246 684 1326 Mahumedanos:
714 1266 760 1324 ex
780 1246 912 1348 quibus
932 1251 1041 1328 etiam
1059 1254 1155 1332 Anti·

122 1364 292 1442 christum
315 1363 495 1440 oriturum
523 1359 634 1439 sciscit
656 1355 880 1439 Pastorinius'
900 1362 1044 1460 epocha
1067 1366 1154 1447 sexta

122 1477 192 1554 iam
212 1477 435 1575 propinqua,
458 1472 601 1573 epocBa
618 1474 742 1574 quinta
758 1470 821 1549 suo
838 1477 1019 1564 termino,
1051 1499 1153 1579 quem

124 1588 202 1667 satis
222 1586 363 1688 precise
378 1582 502 1663 definit
517 1584 597 1686 post
618 1606 733 1661 annos
756 1601 814 1673 50.
844 1583 1037 1677 futurum,
1072 1588 1153 1669 Pto·

124 1701 327 1778 testantium
353 1696 509 1784 scilicet,
550 1719 636 1774 cum
658 1691 819 1797 pluribus
840 1711 923 1775 ante
939 1695 1056 1800 ipsum
1081 1682 1153 1787 scus·

124 1813 290 1914 ptoribus
310 1808 452 1885 fumum
472 1807 573 1885 illum
598 1812 718 1908 putei,
749 1807 795 1886 de
818 1832 894 1910 quo
917 1815 1089 1891 exierunt
1105 1815 1151 1891 so·

122 1923 228 2001 custae
248 1924 284 1996 in
302 1935 430 1996 terram
449 1917 487 2013 o>
504 1921 637 2018 angelo
654 1924 784 2021 quinto
803 1922 887 2000 tuba
900 1940 1072 2015 canente,
1089 1925 1151 2006 huc

123 2038 398 2134 interpretatum
429 2031 517 2110 dum
541 2048 671 2108 contra
696 2029 935 2111 Protestantes
961 2036 1151 2138 antesigna-

122 2158 174 2225 no
205 2144 368 2223 Luthero
396 2142 599 2221 Romanam
637 2138 826 2221 Ecclesiam
858 2143 1150 2231 antichristianum

79 2262 85 2281 ‘
123 2257 244 2362 passim
262 2259 419 2335 statuunt
434 2280 475 2333 ac
495 2253 651 2332 Romam
671 2255 894 2334 christianam
913 2254 1146 2362 Babylonem,

124 2373 425 2470 meretricemque
444 2365 748 2468 apocalypticam:
781 2390 850 2471 qna
870 2384 994 2448 tamen
1016 2376 1054 2450 in
1073 2376 1149 2453 urbe

123 2483 291 2561 hasienus
325 2505 401 2558 non
421 2480 619 2581 interrupta
649 2477 737 2557 aD.
762 2475 870 2558 Petro
897 2480 1069 2564 successio
1096 2508 1148 2589 pa·

124 2597 192 2674 lam
218 2593 251 2672 se
280 2586 434 2673 ostentat
456 2597 494 2670 in
522 2594 785 2670 communione
808 2589 968 2674 Ecclefiae
991 2597 1037 2675 ab
1061 2597 1147 2702 Apo·

123 2710 222 2788 stolis
246 2709 345 2794 satae,
392 2729 475 2784 cum
506 2707 637 2807 quibus
661 2697 700 2792 i)
727 2702 762 2781 se
784 2704 947 2784 fututum
980 2702 1146 2813 usquead
1180 2742 1190 2787 3.

123 2823 473 2908 consummationem
497 2817 603 2895 seculi
628 2815 809 2918 promisit:
840 2815 928 2896 dnm
955 2822 1147 2903 constanter
1186 2887 1190 2898 .

123 2933 287 3012 Romana
307 2932 402 3008 sedes
423 2934 460 3007 in
484 2920 605 3008 mente
631 2930 776 3015 habuit,
821 2930 923 3032 quod
942 2929 978 3022 c)
995 2928 1144 3014 Christus

121 3047 355 3125 commonuit
384 3043 552 3142 angelum
577 3038 838 3128 sardicensem.
879 3043 1058 3140 qualiter,
1085 3049 1142 3134 ait,
1188 3144 1190 3149 Α

122 3160 311 3255 acceperis,
344 3167 378 3234 et
397 3155 551 3231 audieris
568 3153 743 3252 esseron,
774 3155 981 3256 depositum
1001 3159 1140 3247 scilicet,

58 3276 61 3283 ’
123 3271 224 3374 quod
242 3271 286 3347 ab
307 3269 566 3369 Apostolorum
593 3268 815 3369 principibus
837 3272 985 3369 accepit.

204 3432 344 3512 Frustra
368 3454 455 3508 vero
485 3432 689 3530 proximam
717 3431 854 3506 ruinam
878 3424 1039 3512 Ecclesiae
1060 3426 1139 3510 illim

80 3618 83 3625 .
121 3544 280 3637 fundatae
308 3543 409 3643 snpra
438 3540 577 3619 firmam
608 3557 744 3642 petram
766 3546 802 3618 in
831 3542 909 3619 sede
932 3543 1031 3624 Petri
1061 3542 1139 3623 oms·

70 3690 72 3694 ·
120 3677 252 3739 uantur
273 3657 382 3734 hodie
402 3660 554 3741 iterum,
586 3652 694 3730 veluti
713 3656 862 3731 instante
875 3656 1139 3736 consummatio·

121 3799 166 3853 ne
184 3771 310 3853 seculi:
330 3770 433 3848 cuius
448 3792 515 3846 nos
532 3769 670 3868 periodi
689 3782 896 3869 temporum
913 3773 952 3846 in
968 3772 1139 3873 apertione
1181 3832 1188 3844 .

160 4050 197 4131 a)
217 4048 306 4127 apoc.
325 4043 384 4110 IX.
436 4038 591 4124 missum
609 4037 753 4107 xxviii.
780 4057 826 4121 19.
882 4025 1118 4124 &small-t·
