2400 4478
196 253 346 330 regnum
377 223 504 321 Ohrhii
527 233 567 307 in
594 232 716 310 terris·
733 255 760 310 c.
791 231 913 315 XXV.
1017 246 1100 334 usq
1172 282 1180 341 3

62 395 243 475 tatoribus
261 392 464 494 impensum
481 375 527 470 ari
548 391 691 470 eosdem
720 396 848 472 unitati
869 394 1026 475 Ecclefiae
1042 391 1100 477 rb·

59 507 284 595 sumendos,
300 505 602 604 indignabantur,
622 521 662 582 ut
681 505 748 611 iliis
767 506 800 586 S.
821 509 1040 607 Augustinus
1061 508 1105 601 a)
1175 504 1179 511 ’

61 621 284 721 exprobrat:
316 675 339 713 ,‚
354 617 471 711 Quod
486 613 657 716 (inquit)
671 619 706 693 in
727 621 831 695 uobis
850 622 963 697 modo
980 644 1098 724 repra·-

61 789 85 828 ,‚
113 732 297 817 hendunt,
330 747 370 808 ut
389 729 790 835 decipiantimperitos‚
822 731 1002 810 dicentes:
1021 759 1099 814 non

61 901 83 940 „
113 844 245 921 debere
263 843 473 920 christianos
485 858 610 919 contra
627 843 795 920 inimicos
816 842 945 922 Christi
964 842 1101 951 aliquid

62 1013 86 1051 ,‚
117 956 347 1035 achristianis
375 954 652 1054 imperatoribus
677 952 880 1054 postulare,
916 956 977 1055 ipsi
1000 964 1102 1059 prio·

61 1125 85 1164 ,‚
117 1092 172 1144 res
190 1068 363 1145 iecerunt.
420 1065 536 1160 Quod
557 1069 719 1142 etiam'in
742 1065 963 1154 collatione,
990 1086 1100 1171 quani

62 1237 85 1275 ,‚
118 1179 219 1256 fimus
239 1179 333 1279 apud
353 1177 613 1278 Carthaginem
633 1176 841 1266 habuimus,
873 1201 1005 1277 negare
1024 1206 1101 1260 non

59 1348 86 1388 ‚‚
119 1290 199 1370 sunt
215 1290 308 1371 ausi:
338 1294 417 1367 imo
437 1308 475 1367 et
488 1290 632 1389 gloriari
654 1287 725 1365 ausi
745 1289 845 1376 sunt,
877 1290 992 1390 quam
1006 1293 1102 1392 apud

59 1460 84 1500 „
118 1407 373 1500 imperatorem
401 1405 555 1477 maiores
578 1423 707 1476 eorum
734 1402 964 1478 criminaliter
989 1401 1103 1483 Casci-

61 1572 86 1610 „
118 1515 253 1590 lianuur
278 1515 412 1592 suerint
438 1512 607 1598 insecuti,
636 1509 780 1612 insuper
803 1512 1099 1614 addentesmen·

60 1683 85 1722 „
117 1626 286 1713 dacium,
330 1623 432 1725 quod
460 1648 544 1702 eum
568 1618 640 1700 illic
663 1625 834 1730 vicerint,
877 1623 1103 1727 fecerintque

61 1794 86 1832 ,‚
118 1736 277 1815 damnari
286 1793 318 1829 ‚‚.
380 1734 628 1813 Memorabilis
644 1732 936 1837 estapologetiou
954 1737 1008 1814 illa
1028 1741 1105 1836 e'pi·

64 1849 152 1927 stola
171 1873 238 1949 pro
261 1845 421 1928 Eccreflae
441 1847 543 1925 simul
562 1848 762 1947 pastoribus
785 1837 991 1950 principum
1013 1873 1104 1927 con-

61 1974 118 2039 tra
129 1963 315 2038 haereticos
327 1976 361 2038 et
371 1959 608 2038 schismaticos
619 1959 793 2037 auxilium
808 1960 1101 2061 implorantibus.

64 2098 108 2152 ac
131 2074 351 2172 principibus
382 2070 468 2153 illud
493 2070 810 2171 inrpeodentsbus;
855 2075 915 2150 ubi
941 2075 986 2151 de
1017 2098 1104 2173 rege

64 2187 185 2267 statuit
209 2184 285 2262 illas
316 2243 338 2279 ,‚
359 2184 469 2262 Aliter
493 2187 590 2260 euim
615 2183 741 2271 servit,
772 2186 855 2285 quia
880 2184 996 2261 homo
1025 2188 1101 2275 esi,

63 2354 89 2394 ‚,
119 2298 218 2373 aliter
234 2301 318 2398 quia
341 2314 377 2374 et
399 2319 462 2374 rex
478 2296 537 2374 esi.
597 2291 696 2389 Quia
719 2319 807 2374 vero
824 2301 929 2373 etiam
948 2319 1011 2373 rex
1030 2297 1101 2385 est,

64 2466 89 2505 „
120 2410 247 2496 servin*
290 2409 388 2508 leges
423 2409 508 2487 iusta
540 2410 807 2508 pracipientes,
857 2425 893 2484 et
923 2412 1104 2489 contraria

64 2530 89 2617 ,ς
120 2521 376 2622 prohibentes,
404 2521 636 2601 convenienti
665 2522 792 2618 vigore
817 2517 1032 2604 sanciendo,
1063 2519 1104 2595 sr-

61 2691 87 2730 „
118 2651 180 2712 cut
209 2631 347 2709 servivit
379 2628 558 2710 Ezechias.
616 2627 681 2708 Et:
718 2631 948 2731 posteaquam
988 2634 1134 2730 coepit'

63 2803 88 2841 ,‚
119 2745 279 2845 impleri,
312 2746 413 2845 quod
437 2744 605 2842 scriptum
633 2742 768 2835 esislut
787 2743 991 2818 adorabunt
1019 2766 1104 2819 eum

66 2914 91 2956 ‚,
123 2878 251 2934 omnes
280 2880 383 2955 reges
410 2870 534 2939 terras,
559 2861 618 2929 ³et
641 2877 770 2930 omnes
794 2868 921 2950 gentes
950 2855 1105 2933 servient

65 3026 91 3065 „
121 2968 189 3045 illi:
221 2970 303 3069 quis
329 2980 451 3044 monte
485 2965 625 3043 sobrius
657 2968 803 3062 regibus
836 2966 949 3043 dicat:
991 2966 1105 3043 nolite

64 3092 91 3178 ,3
120 3104 245 3163 curare
265 3083 302 3155 iu
327 3103 443 3178 regno
465 3078 605 3163 vestro,
639 3101 750 3177 aquo
766 3090 930 3166 tueatur,
959 3079 1016 3157 vei
1037 3096 1107 3180 op·

63 3246 89 3288 „
121 3206 305 3300 pugnetur
337 3188 488 3271 Ecclefia
523 3188 678 3274 Domini
711 3191 864 3283 vestri,‚.

153 3370 317 3459 Eiusdem
353 3370 557 3471 argumenti
587 3366 637 3452 est
674 3367 708 3447 S.
738 3367 928 3470 Augustius
958 3368 1107 3470 epistola

63 3484 207 3568 XClli.
238 3482 534 3570 uri'Vincentium
569 3476 609 3570 b)
640 3507 660 3566 e
686 3481 869 3585 schismate
898 3481 1105 3583 Rogatiano

64 3599 247 3683 reversum
273 3597 511 3698 episcopum,
541 3598 578 3671 in
608 3617 677 3700 qua
704 3593 871 3699 testatur,
905 3594 965 3679 sibi
994 3593 1106 3676 uisum
1143 3653 1148 3661 .

66 3712 182 3797 olim,
214 3733 298 3787 cum
323 3709 495 3786 haereticis
524 3704 684 3783 nonnisi
714 3708 828 3784 verbo
846 3705 917 3791 Dei
938 3719 976 3782 et
998 3708 1109 3780 ratio-

65 3819 349 3930 arag-endum²
397 3841 522 3906 uerum
551 3817 730 3906 sententiis
757 3819 935 3906 aliorum,
983 3837 1109 3901 exem.

110 4042 145 4124 a)
167 4037 255 4125 Epist.
280 4020 462 4109 CLXXXV.
484 4032 521 4103 ad
542 3928 735 4106 hhuheium
778 4022 812 4112 s)
832 3925 1113 4114 semihprhhshm
