2400 4478
122 220 205 289 ιω
398 275 411 300 ,,
472 198 617 296 Ecclefiu
643 201 806 284 militans

122 420 146 476 3,
175 371 237 450 ille
259 367 449 470 episcopus
473 367 627 469 aliquem
653 392 699 445 ex
723 369 893 470 apostolis
914 370 969 450 vel
995 371 1161 473 aposloli-

121 548 146 588 „
177 488 227 564 eis
264 486 366 568 viris,
398 482 462 582 qui
493 494 726 557 tamencum
765 483 935 582 apostolis
968 484 1162 585 persevera·

124 661 149 700 ,‚
178 612 283 683 runt,
300 593 466 670 habuerit
485 593 676 671 authorem
698 607 734 669 et
753 593 1022 689 antecessorem.
1082 596 1162 678 Hoc

122 773 148 811 „
178 711 294 788 modo
312 695 474 786 Ecclesia
493 705 697 807 apostolicae
710 703 834 785 census
852 707 934 786 suos
948 710 1159 807 deserunt„

122 826 170 909 Et
200 824 294 901 libro
331 816 395 896 lv.
440 817 605 896 adversus
649 817 877 895 Marcionem
925 819 973 899 fic
1015 821 1158 904 scribit:

120 935 360 1039 „Habemus
394 947 431 1010 et
462 931 607 1009 loannis
640 931 800 1007 alumnae
834 931 1008 1011 ecclesias.
1068 936 1161 1016 Nam

120 1096 145 1145 ,-‚
174 1045 237 1126 etii
279 1041 517 1147 Apocalypsin
555 1047 631 1122 eius
665 1041 835 1121 Marcion
867 1046 1022 1146 respuit:
1070 1051 1160 1128 ordo

121 1220 145 1258 „
173 1176 296 1239 tamen
326 1157 582 1258 episcoporum
611 1157 655 1233 ad
687 1159 870 1257 originem
902 1158 1095 1253 recensu:⁸
1123 1167 1159 1242 in

118 1331 143 1372 „
172 1274 347 1354 loannem
379 1270 481 1348 stabit
496 1268 689 1349 auclorem.
706 1300 760 1362 „·

222 1452 396 1534 Divinam
441 1475 526 1530 cum
567 1449 714 1531 laudetis
747 1446 910 1533 Patribus
950 1456 1156 1558 apostolicis

119 1567 322 1649 misfionem
350 1565 532 1667 pastorum
556 1561 738 1653 Ecclesiae,
770 1577 811 1641 ut
834 1562 931 1644 brevi
960 1586 997 1647 et
1026 1568 1158 1650 efficaci

118 1668 288 1767 oratione
317 1679 351 1756 S.
377 1678 591 1778 'Cyprianus
621 1676 823 1755 ostenderet
858 1681 957 1780 epist.
994 1687 1156 1785 3.„epi.

117 1852 140 1891 „
170 1794 305 1892 scopos
337 1807 373 1866 et
407 1787 617 1888 praeposrtos
652 1785 795 1888 elegisse
824 1789 968 1887 (dicit)
995 1792 1156 1899 nihilque

115 1964 139 1999 „
171 1902 378 1983 audendum
393 1917 528 1978 contra
548 1899 694 1989 Deum,
726 1907 790 2001 qui
808 1903 999 2006 episcopos
1031 1907 1154 2003 facit„

116 2012 307 2119 Epist.66.
339 2011 464 2091 definit
495 2010 681 2091 Ecclesram
702 2011 770 2090 else
804 2016 949 2113 plebem
981 2018 1154 2103 sacerdoti

115 2129 380 2214 coadunatam,
409 2143 446 2203 et
468 2148 618 2225 gregem
651 2127 783 2223 pastori
811 2128 874 2205 suo
900 2129 1151 2213 adherentem.

112 2242 276 2337 „Unde
308 2239 395 2317 scire
424 2238 554 2324 debes,
584 2237 794 2340 episcopum
830 2243 867 2315 in
902 2240 1057 2323 Ecclesia
1090 2246 1152 2326 effa

112 2411 136 2451 „
166 2370 203 2432 et
228 2350 419 2432 Ecclesiam
448 2353 484 2426 in
525 2348 726 2450 Episcopo,
770 2366 806 2428 et
831 2351 920 2453 stqul
955 2380 1043 2436 cum
1073 2357 1151 2462 Epi·

111 2523 136 2562 „
165 2466 278 2566 scopo
308 2487 383 2540 nou
401 2462 543 2551 fint‚in
566 2461 717 2541 Ecclesia
741 2487 817 2540 non
838 2462 917 2545 else.
943 2525 966 2563 ‚,
997 2469 1040 2548 ld
1069 2496 1149 2552 vero

112 2604 159 2658 ex
184 2574 343 2683 profesio
373 2576 496 2654 trailat
523 2577 559 2652 in
588 2575 683 2653 libro
717 2598 767 2652 ue
784 2574 974 2658 Unrrnre
1006 2580 1147 2663 liccea-

110 2717 178 2777 ern
208 2692 252 2771 ad
280 2689 601 2770 constabiliendum
631 2692 830 2790 praeprimis
859 2707 1029 2772 centrum
1061 2697 1146 2778 illud

45 2871 47 2875 .
109 2809 255 2884 unitatis
289 2807 326 2882 in
360 2801 528 2881 cathedra
560 2800 681 2889 Petri,
713 2824 754 2880 ac
787 2805 1007 2904 primatum,
1039 2833 1143 2910 quem

108 2918 147 2994 in
190 2917 224 2995 S.
256 2914 429 3016 scriptura
459 2913 650 2992 fundatum
680 2917 858 3013 agnovit,
886 2934 926 2996 et
960 2913 1144 3001 affirmavit

108 3041 187 3108 tum
219 3032 408 3129 primitivae
445 3041 522 3105 tum
556 3025 797 3128 subsequentis
830 3025 991 3110 Ecclcsrae
1023 3040 1143 3116 unani·

107 3145 176 3220 mis
200 3137 416 3229 consensio,
443 3164 518 3215 non
542 3135 650 3245 *quast
679 3163 816 3217 novum
844 3140 926 3219 fidei
951 3149 1141 3229 articulum

105 3256 292 3340 condens,
325 3254 383 3329 sed
411 3253 551 3330 servans
580 3269 615 3327 et
642 3251 821 3330 declarans
851 3280 957 3344 eum,
989 3283 1141 3361 quema

104 3369 217 3443 verbo
242 3365 313 3444 Dei
341 3364 474 3467 scripto
499 3383 710 3464 acceperat,
742 3384 783 3443 ut
805 3367 969 3469 loquitur
998 3373 1025 3451 1.
1055 3372 1138 3454 Feb·

103 3484 229 3556 ronius
261 3480 459 3554 abreviatas
494 3495 531 3557 et
565 3477 772 3556 emendatos
803 3481 846 3556 ab
881 3482 960 3577 ipso
997 3489 1138 3567 audone

101 3591 334 3673 Honrhernio
350 3647 359 3675 ,
376 3587 552 3692 affertque
578 3615 611 3689 p.
649 3610 736 3679 103.
767 3591 890 3672 locum
909 3603 955 3672 'ex
984 3598 1080 3678 libro
1105 3596 1135 3675 S.

103 3705 275 3808 Cypriani
301 3707 437 3790 citat0,
476 3707 512 3779 in
530 3706 727 3805 quoctiam
751 3706 796 3781 ad
821 3708 977 3785 divinam
1010 3711 1144 3792 millio·-

100 3845 183 3897 nem
202 3832 422 3919 provocatur
440 3817 516 3917 ipso
536 3840 601 3895 ore
617 3815 741 3895 divino
759 3820 955 3918 prolatam:
972 3825 1134 3920 „Quam-

96 3936 151 4012 vis
183 3928 356 4030 apostolis
390 3932 562 4010 omnibus
604 3932 685 4035 post
717 3933 1014 4015 resurredionem
1041 3939 1131 4018 suam
1179 3946 1184 4027 ζ

1019 4070 1194 4422 :l
