2400 4478
408 192 806 280 PRAEFATIO.

42 382 44 467 ς
92 352 184 446 stola
205 352 412 468 promittit
429 348 611 438 Christus
627 348 800 437 vincenti
813 379 952 439 manna
969 351 1121 465 abscon·
1181 336 1187 375 ²

42 476 44 493 '
89 470 208 556 ditum
230 485 272 550 et
298 465 481 550 calculum
504 461 729 556 candidum,
772 482 810 548 et
830 467 872 549 in
889 467 1029 552 calculo
1054 498 1120 563 nn.

91 606 168 667 nen
188 602 369 673 nevum,
396 573 499 688 quod
521 573 733 683 nemnscit,
761 575 853 681 nist,
880 579 947 690 qui
970 580 1119 692 accipit.

90 694 256 782 Nomen
279 712 438 773 novum
462 683 608 771 scilicet
632 689 673 770 in
694 712 823 799 regno
844 689 1015 788 Christi,
1044 694 1118 807 qui

92 806 138 891 est
171 799 280 916 lapis
307 796 394 895 ille,
422 799 493 994 gui
514 799 614 884 Dan.
631 798 678 883 ΙΙ.
704 819 770 908 34.
798 795 966 910 abscifflu
991 797 1040 905 est
1069 799 1118 888 de

94 934 207 1001 tonte
215 908 303 1019 fine
323 916 425 993 mani
449 934 516 1000 us:
541 926 579 992 et
588 911 759 1020 pertufflt
770 908 936 1015 statuam
956 909 999 995 in
1012 914 1118 1026 pedi.

57 1092 63 1103 .
94 1025 148 1111 itu
167 1028 257 1110 eius
276 1019 420 1136 ferreis
441 1039 477 1104 tt
489 1017 694 1119 fictilibus,
736 1039 774 1104 et
795 1023 1010 1107 comminuit
1029 1052 1115 1120 eos:

95 1161 277 1253 quartum
309 1135 501 1218 nimitum
528 1158 704 1246 regnum
736 1129 872 1220 coloffi
897 1132 1004 1220 illius
1028 1137 1117 1225 Na·

94 1243 452 1338 buchodonosotis‚
481 1267 572 1358 quae
590 1243 648 1329 est
665 1243 895 1331 monarchia
918 1245 1114 1339 Romanas

95 1360 366 1477 lapsantem,
394 1355 462 1469 qui
477 1353 701 1467 percusserat
708 1350 898 1460 statuam,
913 1353 1115 1469 factumst

95 1493 400 1578 utmagnus,
439 1485 477 1551 et
504 1467 674 1578 implevit
702 1466 916 1578 universttm
943 1477 1113 1566 terrum}

96 1584 137 1672 lh.
152 1611 221 1697 35.
251 1579 321 1667 Est
336 1577 406 1665 hic
428 1602 566 1673 mons,
596 1599 644 1662 ut
656 1601 733 1770 Fer
753 1577 966 1666 decursum
989 1578 1112 1675 huius

94 1699 212 1810 opens
226 1686 586 1808 patebitAEcclefia
598 1687 653 1772 mi
671 1689 790 1786 itant,
805 1717 978 1804 regnum
990 1692 1112 1780 Chri-

93 1808 181 1895 hin
194 1804 335 1891 tetris:
349 1801 401 1887 de
411 1825 496 1916 quo
506 1801 622 1912 epist.
635 1799 703 1887 IV.
713 1799 798 1912 Qui
810 1803 968 1900 vicerit,
983 1822 1021 1887 et
1042 1826 1112 1892 cu.¹

89 1915 241 2025 indierit
255 1939 374 2026 usque
386 1911 548 2013 infinnn
562 1930 675 2024 opera
695 1937 797 2009 mea,
824 1911 918 1999 dabo
936 1914 993 1999 illi
1004 1934 1110 2030 pote*

91 2028 243 2139 testatem
251 2022 371 2138 snper
383 2041 543 2135 gentes,
570 2042 609 2107 et
629 2041 812 2133 regnent
832 2026 874 2110 in
891 2026 1009 2136 virga
1017 2025 1114 2143 fen·

90 2169 163 2240 ua,
191 2156 233 2224 et
261 2155 444 2249 tanquam
472 2161 546 2222 vas
562 2129 681 2244 figuli
705 2128 1005 2250 confringentur.
1062 2136 1108 2228 id

109 2251 189 2340 uod
211 2250 370 2362 expet-ti
392 2245 483 2332 sunt
506 2271 648 2334 omnes
672 2244 765 2333 inde
789 2240 839 2333 eb
860 2251 1017 2361 origine
1032 2246 1112 2337 Ee‘

88 2281 199 2453 δεῦε
217 2360 377 2456 hostes,
394 2352 548 2443 infidias
562 2357 611 2443 ad
627 2359 793 2444 exitium
809 2358 1003 2446 struentes
1021 2366 1108 2473 pti.

71 2476 190 2565 'ntum
211 2467 360 2569 ludaei,
388 2496 434 2554 nc
452 2468 652 2557 machinas
668 2468 755 2556 suat
774 2471 939 2557 interius
958 2484 997 2556 in
1014 2474 1106 2585 ipsis

83 2583 297 2676 usceribus
330 2578 564 2667 adhibentes
600 2578 810 2679 heretici,
854 2585 1028 2668 exterius
1061 2586 1105 2671 in

83 2700 225 2788 viscera
247 2690 460 2808 grassantes
480 2687 674 2804 gentiles,
709 2715 750 2777 et
777 2692 1012 2809 quicunque
1039 2692 1106 2782 alii

38 2806 41 2819 ’
81 2809 258 2900 Ecciefiae
279 2813 575 3000 peruenturus,
603 2799 793 2889 incassum
814 2805 973 2893 omnia:
1002 2805 1105 2896 dum

80 2951 167 3013 mox
185 2921 276 3006 exci
296 2945 318 3001 a
339 2914 440 3000 urbe
456 2912 735 3028 Hierosolyma
750 2913 871 3001 Iudaei
889 2925 929 3001 in
948 2915 1105 3030 disper.

80 3036 226 3137 fiunem
251 3050 378 3126 eunt,
405 3024 546 3112 frustra
564 3026 613 3111 ad
629 3025 872 3112 hodiernum
897 3046 1027 3144 usque
1042 3029 1104 3114 di.

78 3173 132 3235 ent
160 3140 495 3232 restaurationem
527 3164 664 3226 retunt
688 3136 986 3334 Staestolantes:
1029 3142 1104 3230 de·

79 3259 243 3347 ihuitur
277 3247 423 3336 deinde
460 3249 687 3361 regnttm'i
717 3246 969 3338 uiolauicum
1006 3266 1104 3342 cuni

78 3371 248 3486 imperio
274 3362 454 3449 Romano
484 3359 645 3474 gentili:
687 3359 919 3474 dispereunt
940 3361 1102 3453 Christo

75 3483 231 3569 inimica
257 3478 333 3588 per
359 3468 501 3561 orbem
530 3476 715 3568 nomine,
756 3497 928 3585 pereunt
946 3477 1104 3588 tyranni

76 3591 255 3682 Ecclefiae
274 3580 428 3700 hostes:
458 3583 640 3698 dumque
666 3583 883 3671 identidem
905 3589 1104 3673 contami-

76 3733 155 3796 nata
178 3695 400 3790 haerefibns
422 3691 687 3783 florentissima
713 3697 871 3784 eeclefia
888 3696 1104 3787 Orientali&

75 3817 235 3907 schisma
262 3805 389 3933 suffe,
410 3810 526 3921 perit.
581 3805 741 3894 Accidit
760 3811 894 3905 enim,
915 3833 962 3894 ut
992 3808 1102 3893 chri<

76 3930 199 4022 sunnis
224 3928 334 4010 inter
356 3918 396 4006 se
416 3914 724 4035 digladiautibus
745 3915 797 4007 de
820 3917 1103 4118 ρηςίριέἰεβ.

450 4077 452 4081 ·
1006 4059 1044 4120 et
