2400 4478
234 191 387 300 regnum
412 182 548 288 obriti
572 194 612 274 in
631 199 751 276 terris.
773 211 802 276 t.
826 185 972 280 XXXI.
1031 203 1116 299 273
1154 200 1156 204 ’

63 368 208 470 liquam
223 363 296 441 lere
307 341 491 461 Europam
509 374 545 437 et
559 359 714 439 Africam
730 366 1017 463 occupantibus,
1034 365 1111 464 ple*

63 480 194 581 risque
217 479 388 565 omnibus
414 472 551 550 Arrana
568 472 711 561 haered,
741 494 802 551 aut
820 475 938 554 adhuc
951 477 1111 574 gentilis·

64 587 325 677 rno'additlis5
352 589 409 662 ita>
425 600 466 662 ut
492 582 706 663 Clodoveus,
731 609 814 663 cum
834 587 902 664 luis
927 589 970 664 ad
998 586 1110 665 fidem

67 703 300 784 christianam
319 695 510 775 conversus
536 699 628 773 unua
652 695 851 774 catholicus
864 692 1037 800 ‘princeps
1055 703 1112 776 in,

72 812 262 893 contelec.
292 809 355 888 vt.
384 808 600 902 haberetur3
640 809 728 885 dum
755 816 863 884 etiam
890 815 927 885 in
953 809 1111 892 Oriente

71 922 271 1007 Anallafius
297 924 378 1022 imp.
414 920 563 1022 perinde
588 943 630 996 ac
654 919 854 997 antecessor
880 922 955 998 eius
975 922 1109 1016 Zeno,
1174 974 1197 1025 ·.·

63 1063 112 1119 ac
130 1038 249 1114 multo
266 1034 385 1112 adbuc
407 1032 558 1133 amplius
582 1031 700 1109 haerefi
728 1028 957 1133 Eutychiand
986 1052 1110 1132 patro·
1178 1044 1182 1051 '

62 1155 269 1233 cinaretur:
301 1149 435 1246 quippe
447 1149 601 1245 quinon
614 1145 729 1222 solum
745 1143 965 1222 Henoticum
978 1146 1105 1227 Zeno.

64 1266 152 1350 nis,
182 1285 257 1363 quo
275 1256 709 1358 Sentiaeutychianorum
728 1257 826 1332 caula
844 1262 1016 1356 agebatur
1026 1248 1042 1348 ,¹
1056 1286 1113 1338 re·
1173 1272 1185 1283 ‘

64 1380 191 1476 cepit,
224 1397 346 1449 verum
369 1371 459 1446 ultra
486 1372 593 1446 etiam
618 1365 824 1468 progrellua
845 1371 893 1446 est
919 1372 1111 1470 instigante

67 1487 128 1568 lo.
163 1484 426 1566 Alexandrino,
457 1485 520 1581 qui
545 1496 666 1580 aperte
685 1472 1136 1579 conciliumealcedoa‘

66 1590 182 1677 nense
200 1618 284 1671 cum
301 1593 446 1692 epistola
465 1593 498 1668 S.
530 1588 712 1690 Leunis'P.
744 1592 866 1670 reiecit
883 1651 892 1678 ,
923 1589 1111 1677 catholicin

69 1709 303 1811 episcopiam
320 1701 467 1782 exilium
488 1703 614 1779 eladis.
646 1703 1114 1789 Perseverabatetiamtuno

70 1820 219 1901 schisma
237 1819 452 1895 Acaciarrum
474 1813 667 1894 Orientem
694 1820 786 1893 inter
806 1831 841 1893 et
854 1815 1110 1903 Occidentem
1147 1872 1151 1879 ·

68 1931 252 2034 Equidem
273 1933 369 2030 pacis
391 1927 624 2006 conciliandae
643 1928 742 2005 causa
768 1926 980 2007 Hormisdas
999 1929 1038 2011 P.·
1065 1918 1140 2013 ab
1174 1924 1191 1941 ‘⁴

73 2041 255 2126 Anastasio
285 2047 371 2141 imp.
401 2038 665 2138 interpellatus.
695 2039 834 2139 legator
861 2045 897 2122 in
916 2039 1130 2165 Orientem

73 2153 195 2248 misrt3
234 2153 292 2232 led
325 2151 409 2232 cum
442 2151 607 2230 formulae
648 2153 804 2231 articulis
839 2153 885 2233 ad
913 2154 1164 2241 faciendam¹

74 2273 256 2362 unionem
276 2265 489 2353 subscribere
508 2266 737 2372 detretlaret,
767 2261 804 2342 i'n
827 2267 965 2344 irritum
988 2271 1115 2351 omniu
1161 2288 1170 2301 '‘

70 2384 260 2459 abierunt:
291 2379 409 2454 donec
424 2379 544 2478 postea
560 2376 621 2453 lub
648 2375 782 2455 lullino
800 2377 963 2457 Anastasri
979 2379 1115 2460 lucces-

73 2494 180 2580 sore·,
203 2514 296 2567 nova
310 2490 493 2588 legatione
507 2485 626 2575 milla,
649 2491 807 2569 restituta
821 2492 1112 2570 estcommunio.

162 2651 284 2730 illator
301 2647 464 2727 terofutt
481 2643 568 2727 ledis
581 2644 784 2750 apostolicae
796 2652 970 2751 dignitas,
1001 2671 1116 2753 quan.

78 2763 128 2845 do
146 2764 266 2844 Gothi
286 2762 401 2841 Roma
414 2763 492 2841 lunt
512 2759 638 2862 potiti,
669 2778 774 2860 quam
794 2765 916 2863 postea
929 2782 966 2840 ea
982 2768 1116 2869 iterum

76 2879 356 2978 imperatoribus
372 2871 551 2960 restituta,
567 2888 608 2952 ut
626 2873 682 2949 tel
700 2875 839 2952 Silverii
854 2890 890 2953 et
906 2874 1028 2974 Vigilii
1046 2875 1114 2955 PP.

61 2992 149 3068 'fata
184 2989 478 3066 ··demonurant.·
530 2985 742 3063 lastinianus
801 2989 886 3085 imp.
945 2991 1116 3087 equidem

78 3101 221 3182 lustina
252 3097 278 3177 l.
320 3114 470 3175 mortuo
493 3091 703 3185 succedens,
733 3120 816 3174 cum
839 3102 875 3174 in
895 3100 1118 3179 conlellrone

74 3213 191 3299 fidei,
224 3226 452 3312 quam‘mox
483 3233 538 3287 an.
564 3207 566 3211 ⁴
591 3220 679 3299 528.
722 3208 940 3308 publicavit,
972 3215 1119 3293 concilii
1171 3247 1174 3252 ’

76 3323 247 3426 Ephelmi
265 3341 300 3400 et
317 3323 542 3402 lubiedionis
558 3319 601 3397 ad
619 3319 736 3419 sedem
756 3321 998 3422 Apostolicam
1018 3341 1120 3403 mena
1143 3418 1146 3423 ¹

78 3443 185 3517 tione
210 3436 305 3514 nulla
330 3436 441 3523 falla,
472 3431 744 3514 Nestorianllmi
769 3437 803 3510 se
823 3436 1017 3534 iuspetlum
1039 3439 1120 3517 reda

75 3552 210 3634 deret,
248 3548 403 3647 epistolis
442 3545 510 3624 sele
539 3548 705 3648 purgavit
736 3543 774 3636 a)
804 3549 847 3644 ad
880 3548 1119 3628 Patr'iarcham

79 3661 323 3765 §politanum
337 3675 373 3736 et
389 3659 505 3758 ipsum
521 3655 742 3739 loannemP·
761 3659 870 3738 datie:
891 3716 912 3752 „
933 3660 1121 3739 Necenim

79 3828 105 3868 „
125 3778 295 3873 patimur,
309 3777 376 3870 (ut
388 3774 424 3849 in
436 3765 582 3875 epistola
598 3771 641 3850 ad
653 3773 889 3873 patriarcham
901 3769 1066 3860 scribit)
1082 3787 1124 3853 ut

79 3879 196 3995 Ion.
229 3883 255 3962 1.
431 3935 433 3938 ι
523 3882 621 3962 ··S
829 3956 832 3961 .
911 3905 934 3978 ,ς
964 3884 1068 3988 quid·
1175 3982 1188 3997 'A

127 4062 163 4140 a)
185 4046 410 4139 Lcognol'ctte
432 4066 460 4159 7.
484 4047 522 4121 da
544 4044 654 4146 summa
679 4047 835 4126 Trinitate.
950 4076 953 4083 ·
