2400 4478
189 260 366 340 *regnum
386 160 514 328 shrilli
531 239 705 316 interris.
727 259 754 316 e.
776 235 961 315 XXXIX.
1016 248 1108 332 '36¹

140 413 145 423 ’
159 402 263 482 Nihil
278 427 364 480 vero
379 399 555 479 mellifluo
566 399 639 479 hoc
654 399 805 478 dodoie
818 402 965 501 dignius
977 458 987 489 ,
1001 425 1113 504 quam

68 518 178 620 quod
201 516 325 615 prodit
351 514 563 593 concordiae
594 515 782 614 utriusque
808 513 980 612 legitimae
1009 532 1114 614 pote·

68 632 173 708 statie
192 626 452 710 desiderium,
499 649 540 702 ac
575 644 700 702 mutua
726 625 770 700 ad
802 625 1111 719 conservationem

64 746 265 841 utriusque
289 738 493 839 reipublicae
511 737 613 813 suctae
634 733 676 813 et⁴
689 735 846 837 profanae
868 736 977 815 studia
995 755 1031 814 et
1053 739 1114 815 os·

69 854 179 931 sicia:
217 851 303 928 Non
336 853 460 925 veniat
486 845 594 945 (ait)
621 852 742 926 anima
763 872 841 924 mea
867 845 921 937 in,
938 849 1114 943 confilium

61 988 201 1043 eorum
216 1015 240 1048 ‚,
267 964 328 1056 qui
354 952 473 1037 dicunt
497 959 560 1039 vel
581 965 731 1056 imperio
759 976 878 1056 putem
904 973 937 1036 et
968 957 1114 1040 liberta·

68 1079 150 1162 tem
178 1071 417 1164 maleficarum,
447 1071 508 1149 vel
528 1071 669 1160 ecclesis
699 1070 951 1148 exaltationem
975 1086 1008 1150 et
1031 1092 1116 1170 pro-

61 1187 282 1288 speritatem
318 1187 462 1285 imperii
496 1207 567 1259 nan
598 1181 841 1280 profuturum.
899 1185 984 1260 Noii
1021 1190 1116 1263 enim

73 1298 296 1404 (utriusque
322 1295 503 1384 institutor
535 1292 578 1380 ell
608 1293 729 1382 Daui)
781 1298 819 1369 in
856 1295 1114 1382 desiriiclionem

74 1436 121 1490 aa
144 1412 367 1494 conuellunt,
392 1408 516 1502 sedin
538 1405 806 1509 adspirationem.
867 1407 1116 1488 intelleximus
1171 1476 1174 1482 ,

71 1522 253 1604 Hadriani
279 1522 360 1620 post
390 1516 605 1596 Aiiastasium
633 1517 698 1594 lV.
737 1517 889 1618 Eugenii
911 1521 1115 1600 successoris

66 1636 193 1718 amica
209 1632 319 1709 studia
338 1647 374 1730 et
393 1628 511 1707 officia
529 1629 744 1708 inFriderici
761 1637 1017 1718 coronatione,
1040 1633 1118 1710 Ro·

73 1749 195 1824 manis
227 1743 502 1820 aduersantibus.
530 1801 533 1807 .
563 1740 611 1819 At
634 1745 662 1817 is
683 1767 761 1820 non
792 1744 834 1819 ad
863 1745 938 1822 haec
961 1744 1115 1823 refleue.

75 1859 167 1943 bat,
201 1858 287 1932 dum
313 1878 401 1932 mox
434 1855 713 1955 sequentianno
741 1867 855 1946 ¹156·
887 1872 957 1932 tam
990 1860 1117 1958 acerbe

77 1971 167 2050 tulit
190 1971 296 2044 verba
314 1967 372 2042 illa
392 1965 548 2063 epistolae-
572 1965 772 2065 pontificis,
811 1991 880 2066 qua
899 1968 1007 2054 dicit,
1038 1967 1118 2058 ins-

67 2105 150 2183 gne
168 2101 298 2156 corona
314 2077 510 2169 heneficium
542 2077 604 2178 ipsi
625 2079 658 2154 se
677 2077 891 2166 contulisse:
923 2079 969 2157 fic
984 2081 1040 2157 illa
1058 2076 1118 2158 'ac-

77 2195 237 2293 cipiens,
266 2214 308 2266 ac
335 2189 358 2266 si
381 2189 425 2266 de
445 2189 556 2266 feudo
575 2192 786 2290 loqueretur
809 2188 974 2289 pontifex
998 2195 1115 2293 impe-

70 2309 194 2392 ratori
212 2301 349 2408 collato
365 2337 387 2390 ,=
407 2301 507 2400 quod
528 2303 647 2398 postea
670 2301 869 2385 Hadrianus
892 2305 936 2380 de
956 2328 1116 2395 corona,

77 2441 191 2518 quarn
223 2436 343 2522 regere
381 2416 499 2489 invitis
529 2412 729 2502 Romania,
781 2434 821 2491 ut
840 2414 920 2515 ipfis
949 2416 1118 2494 Friderici

61 2525 201 2624 ‘uerbis
232 2522 453 2611 audivimus,
494 2526 723 2613 eicontulit‚
770 2527 819 2603 est
851 2531 1117 2630 interpretatus.
1165 2627 1167 2630 y

80 2639 271 2733 Eriderico
315 2637 407 2714 illud
441 2640 477 2713 in
509 2641 671 2714 animum
710 2642 890 2714 revocavit
917 2637 1120 2719 Hadrianus

75 2750 151 2835 JV.
173 2750 208 2826 P.
226 2749 352 2844 litteris
375 2766 440 2849 per
464 2748 622 2850 legatum
654 2747 759 2826 missis
790 2754 827 2825 in
864 2748 1119 2829 Germaniam:

72 2896 107 2960 ⁵„
141 2861 261 2940 Debes
288 2865 412 2947 enim,
443 2866 460 2959 (
475 2860 637 2950 scribit,)
665 2859 913 2960 gloriofiffime
930 2862 1006 2950 lili,
1037 2866 1121 2942 ante

82 3033 108 3071 ,,
139 2973 267 3051 oculos
293 2976 423 3050 mentis
457 2973 655 3064 reducere,
698 2998 805 3074 quam
840 2990 1045 3071 gratanter.
1086 2991 1123 3054 et

84 3145 110 3183 „
139 3111 245 3188 quam
267 3087 427 3170 iucunde
454 3086 567 3160 altero
590 3108 687 3162 anno
710 3103 821 3162 mater
842 3100 903 3162 tua
933 3087 967 3165 S.
987 3085 1122 3164 Roma·

82 3222 110 3296 ¹„
124 3223 185 3274 ”na
205 3195 356 3274 Ecclesia
377 3212 412 3272 te
434 3196 643 3297 susceperit,
674 3213 807 3296 quanta
827 3197 945 3275 cordis
964 3197 1124 3276 affeslio·

83 3352 109 3409 5,
140 3335 186 3391 ne
214 3309 435 3393 tiadaverit,
474 3318 642 3408 quantam
667 3310 732 3384 tibi
762 3309 945 3407 dignitatis
969 3310 1126 3410 plenitu-

86 3480 111 3520 „
141 3424 258 3506 dinem
284 3419 481 3498 contulerit
505 3435 546 3525 et?
565 3417 740 3506 honoris,
777 3436 814 3498 et
837 3423 990 3522 qualiter
1010 3425 1127 3525 impe-7

88 3554 113 3628 ,3
145 3533 233 3608 rialis
252 3531 392 3632 insigne
413 3546 560 3609 coronae
580 3520 803 3610 libentissime
823 3533 1032 3621 conferens,
1066 3534 1127 3610 be-

88 3703 114 3742 „
141 3644 346 3742 nignissimo
369 3645 512 3743 gremio
547 3660 619 3729 tuae.
646 3642 863 3722 celfitudinis
891 3647 1028 3744 apicem
1056 3647 1129 3724 stu-

90 3815 115 3861 „
146 3754 265 3832 duerit
285 3757 510 3842 confovere,
540 3756 630 3832 nihil
652 3757 795 3856 prorsus
817 3753 994 3842 efficiens,
1026 3755 1127 3857 quod

75 3882 127 3964 s‚‚'
143 3870 251 3966 regiae
269 3866 443 3944 voluntati
463 3868 518 3945 vel
531 3873 566 3944 in
587 3871 739 3944 minimo
754 3868 991 3966 cognosceret
1005 3870 1129 3945 obvia-

92 4038 125 4078 „
144 4003 193 4068 re.
253 3975 385 4082 Neque
417 3997 536 4066 tamen
561 3984 706 4080 paenitet
732 4003 820 4068 nos,
864 3963 1031 4059 desideria
1058 3994 1128 4059 tuae

101 4089 118 4126 ¹
577 4090 660 4187 Z5
783 4088 787 4094 ’
942 4092 1074 4174 volun·
