2400 4478
78 246 82 251 ·
206 166 356 318 ternum
382 215 510 344 Chritii
533 221 573 313 in
593 211 712 297 terris.
734 243 762 298 r.
780 215 944 302 XXVII,
1010 230 1087 319 2³3¹
1120 162 1141 287 ⁴·

61 440 82 482 ‚,
109 395 150 462 et
168 381 323 460 docendi
339 384 468 458 nostris
484 381 717 460 communem
744 384 845 462 usum
866 385 991 464 loliani
1010 389 1092 488 lege

61 556 81 591 ‚,
113 500 282 595 proxima
311 495 622 592 denegarunt:;et
653 497 836 593 privilegia
868 498 935 575 illa'
957 501 1111 601 quibua·
1151 511 1155 517 '
1190 589 1192 594 ,

61 665 79 703 ,,
109 609 198 707 saepe
224 609 363 706 decepti
376 606 573 683 suntetiam
594 606 780 686 christiani.
806 664 829 701 „
858 609 1028 711 Sequitur
1046 611 1088 705 n)

61 720 133 822 ipsa
145 713 349 819 Symmachi
365 717 516 819 praefetli
531 715 668 817 senatus
682 722 833 797 nomine¹
841 720 885 797 ad
896 726 1090 823 imperato·

63 855 137 910 rem
155 830 242 906 satia
264 831 411 916 relatio,
431 834 467 905 in
489 852 559 929 qua
573 828 676 907 ,haud
696 849 862 919 veretur,
890 856 1089 932 provocare

61 943 103 1021 ad
118 947 255 1042 priores
283 941 694 1040 imperatoresetbnicos
708 999 717 1026 ,
732 929 953 1042 'proximum
975 951 1084 1025 etiam

61 1055 254 1139 lulianum,
272 1052 564 1140 Valentinianum
583 1076 729 1154 quoque
748 1055 931 1130 seniorem.
958 1087 982 1149 ·„
1016 1058 1088 1137 Res

61 1224 77 1260 η
111 1169 267 1265 petimus
284 1171 301 1262 (
316 1169 432 1268 inquit
447 1163 463 1252 )
480 1168 589 1264 igitur
607 1167 824 1263 religionum
842 1167 968 1242 ilatum
979 1222 990 1259 ,
1020 1172 1084 1269 qui

61 1336 76 1372 ‚‚
109 1279 313 1378 reipublicae
327 1279 386 1354 diu
403 1276 551 1377 proluit.
609 1275 718 1355 Certe
732 1293 967 1355 numerentur
989 1282 1088 1377 prin.
1180 1282 1182 1286 ’

61 1447 77 1484 ,,
111 1394 209 1486 cipes
240 1393 425 1489 utriusque
447 1387 592 1473 -setiae,
654 1389 841 1488 utriusque
872 1388 1084 1468 sententiae:

61 1560 75 1596 ἢ
113 1503 301 1598 proximus
320 1523 448 1578 eorum
464 1497 651 1593 (lulianus
669 1495 926 1584 )caetemonias
944 1515 1088 1599 patrum

61 1670 79 1708 ‚‚
113 1610 248 1696 coluit,
278 1613 457 1700 recentior
476 1617 491 1705 (
507 1605 810 1694 Valentinianus)
826 1635 900 1686 non
920 1617 1087 1690 removit.

61 1783 79 1818 ‚,
112 1723 148 1800 Si
179 1720 388 1821 exemplum
419 1745 495 1796 non
527 1721 594 1797 suit
614 1720 742 1820 religio
769 1726 951 1809 veterum,
985 1722 1088 1801 faciat

61 1893 80 1930 ‚,
114 1833 669 1932 diffintuiatioproximorum.„
714 1831 784 1912 Ubi
819 1831 923 1911 srmul
951 1833 1085 1913 Valent

61 1951 167 2024 etiam
189 1947 421 2044 indigitatum
439 1969 545 2043 quem
561 1934 650 2021 (altra
669 1943 982 2023 dtffimulattonem
1002 1971 1088 2048 pro·

61 2054 188 2136 cessisse
206 2062 273 2134 iant
287 2059 509 2150 notariorum
530 2055 722 2135 Zenonem
738 2061 824 2134 item
842 2057 886 2134 ad
898 2057 1003 2135 finem
1020 2058 1085 2140 sec.

61 2167 110 2246 V.
141 2169 285 2246 oracula
314 2168 561 2246 consulentem
580 2168 769 2265 gentilium
795 2172 864 2245 iarn
894 2193 959 2268 per
975 2171 1094 2249 secula.

61 2296 171 2358 muta.
230 2279 454 2359 Relationem
470 2281 676 2380 Symmachi
698 2280 792 2380 apud
807 2281 840 2358 S.
859 2281 1087 2360 Ambrosium

61 2394 222 2495 sequitur
250 2415 339 2469 mox
367 2391 507 2468 adeam
537 2393 570 2469 S.
601 2390 776 2469 Ambrosii
805 2391 1012 2494 responsto5
1042 2394 1088 2472 de

61 2529 133 2606 qua
152 2529 190 2581 re
211 2509 340 2583 iterum
354 2507 472 2601 agitur
489 2507 524 2579 in
542 2505 686 2600 epistola
709 2503 744 2580 8.
761 2501 935 2584 Ambrosii
955 2504 998 2603 ad
1018 2503 1088 2582 Eu«

61 2619 211 2717 genium
225 2615 324 2719 illum
340 2615 525 2714 quondam
537 2613 836 2701 Grammaticum,
852 2638 960 2713 quem
972 2615 1087 2693 Arbo·

61 2729 176 2828 galles
193 2725 434 2803 Valentiniani
458 2725 630 2828 parricida
645 2749 800 2825 purpura
822 2728 958 2803 indunt
987 2729 1089 2825 isque

61 2848 124 2935 [ut
147 2842 251 2914 etiam
274 2863 328 2915 an.
362 2850 452 2928 388.
488 2837 694 2922 Maximus,
726 2838 770 2915 ad
792 2844 901 2938 quem
922 2836 1088 2938 suscepta

61 2953 256 3050 legationis
290 2950 357 3029 suae
378 2953 553 3026 rationem
576 2948 693 3024 reddit
720 2949 754 3025 S.
797 2947 1005 3026 Ambtofius
1028 2949 1087 3029 et.

61 3064 83 3143 Ι.
116 3088 174 3162 ep.
195 3082 256 3154 25.
280 3078 383 3162 capta
400 3059 533 3146 Roma,
553 3061 596 3137 ad
611 3059 820 3159 captandam
833 3064 963 3139 civium
980 3064 1089 3138 bene-

61 3176 258 3252 volentiam
279 3171 526 3263 fecerat)cum
542 3176 595 3248 bis
607 3173 796 3270 gentilium
818 3195 939 3271 preces
953 3170 1089 3250 reiecis.

61 3288 136 3375 set,
169 3286 312 3362 tandem
338 3291 446 3363 tertio
469 3285 713 3385 interpellatus
728 3359 731 3363 ,
747 3310 797 3378 „a
815 3283 982 3363 Flaviano
1001 3308 1090 3388 prae-

61 3457 79 3493 „
112 3399 206 3476 festo
242 3411 278 3475 et
302 3397 498 3498 Arbogaste
533 3399 668 3474 comite
697 3418 792 3473 atam
823 3395 1015 3484 Vittotiae,
1053 3413 1090 3479 et

61 3569 78 3607 „
111 3511 248 3589 sumtus
271 3513 577 3596 ceremoniarum,
608 3508 741 3613 oblitus
767 3501 848 3586 fidei
877 3511 966 3615 suae,
1000 3531 1087 3586 con·

61 3682 78 3718 ,
111 3620 233 3708 ceffit,
252 3679 274 3716 „
304 3637 345 3700 ut
364 3621 533 3700 Paulinus
547 3624 584 3697 in
604 3624 675 3698 vita
708 3622 742 3702 S.
775 3619 950 3700 dmbtofii
974 3620 1100 3721 loqui-'

61 3752 148 3822 tur,
172 3753 209 3811 et
224 3734 257 3812 S.
279 3733 484 3813 Ambrosrus
507 3729 545 3823 b)
562 3736 597 3809 in
613 3734 709 3832 epist.
728 3757 787 3828 57.
800 3733 855 3812 Cl.
872 3733 899 3810 1.
920 3731 981 3828 ubi
997 3730 1093 3832 post·

61 3871 173 3952 quam
202 3843 537 3932 commemorasset,
570 3843 738 3925 incassum
774 3845 988 4030 petitione?
1010 3862 1094 3917 ean·

979 3975 1036 4031 em
