2400 4478
114 221 169 312 84
465 199 795 318 Dihiinmiliruni
826 226 836 252 '
921 238 926 249 ·

169 366 256 458 Hoc
274 377 388 475 igitur
403 375 453 452 est
480 389 634 475 regnum
654 378 789 457 Christi
808 380 844 456 iu
872 376 1002 470 te'rtit,
1034 373 1074 464 E<

111 493 157 572 fia
170 490 352 576 militans,
380 488 481 590 'quod
501 513 568 565 nos
592 497 693 566 tanto
711 495 778 566 iam
798 504 966 592 tempore
981 512 1074 594 pr'aer

109 607 154 684 lis
171 605 367 703 habentes,
396 604 606 688 cernimus,
637 621 717 702 quae
737 606 892 704 antiquis
908 599 971 682 SS.
992 607 1074 685 Patr

110 736 183 798 tam
204 718 353 817 pervia,
385 712 509 814 plana,
551 729 590 790 et
617 713 799 814 perlpictta
829 713 897 793 elle
929 733 1004 795 non
1027 742 1074 819 po

109 842 207 907 runt.
267 825 341 903 lam
383 826 486 924 supra
519 825 723 902 audivimus
758 828 792 904 S.
823 825 1069 930 Hippolytum

59 1020 66 1034 ,
106 944 213 1020 cuius
247 939 496 1037 interpretatio
534 941 571 1012 in
602 936 792 1014 Danielem
832 948 1040 1040 nuperrime

110 1077 213 1130 mum
241 1052 334 1126 edita
353 1068 397 1125 ex
426 1049 510 1126 cod.
540 1047 651 1126 Rom.
672 1066 715 1126 ut
736 1051 785 1125 eit
809 1051 853 1126 ab
872 1053 1012 1131 editore
1029 1082 1061 1155 ρ.

107 1175 349 1247 annotatum,
379 1161 495 1263 palam
518 1161 627 1247 facit,
669 1172 741 1238 tam
768 1162 901 1260 librum
925 1169 1074 1244 eiusden

106 1277 279 1377 Martyris
306 1276 347 1349 de
374 1269 615 1377 Antichristo,
655 1287 764 1374 quam
793 1279 901 1352 etiam
931 1279 972 1354 de
995 1285 1074 1378 con}

104 1390 261 1467 motione
282 1368 669 1486 seculi-interpolatum
698 1382 874 1493 quidem,
918 1393 1074 1469 eiusdem

104 1518 191 1578 tuen
213 1498 281 1577 elle
309 1500 488 1583 audieris,
535 1507 620 1574 c'um
644 1501 682 1573 lu
716 1495 865 1597 ungulis
893 1501 948 1578 his
971 1505 1074 1582 tribu:

103 1608 178 1693 bris
200 1612 323 1690 eadem
354 1613 525 1687 habeatur
556 1610 749 1712 explicatio
771 1611 899 1688 somnii
918 1615 962 1690 de
988 1635 1074 1716 quat

103 1724 349 1809 monarchiis,
375 1723 467 1798 redte
490 1724 638 1822 quidem
657 1727 692 1798 iu
721 1723 779 1800 sua
800 1723 960 1801 ultimate
982 1747 1074 1826 comw

101 1841 204 1915 tione
222 1837 265 1911 ad
292 1835 546 1911 Antichristum
578 1835 818 1935 telum-post
849 1855 957 1936 quant
983 1840 1073 1917 Chri

99 1942 234 2027 eccela
255 1944 401 2023 veniens
426 1943 598 2023 iudicium
622 1949 760 2039 mundo
780 1948 829 2024 est
845 1948 1015 2029 illaturus.

99 2077 180 2162 quae
202 2056 401 2160 lequuntur
428 2063 464 2133 ln
492 2049 789 2158 interpretatione
822 2057 982 2138 Danielis
1009 2065 1056 2142 de

99 2175 161 2250 lti‘a
187 2188 339 2272 quarta,
386 2194 466 2272 quae
493 2174 693 2267 quingentis
726 2173 829 2247 annis
859 2188 1058 2269 regnatura

98 2286 180 2385 post
206 2284 389 2361 Christum
420 2297 544 2359 natum
574 2303 736 2383 nempe,
779 2291 953 2382 congruit
982 2301 1074 2391 temp

95 2397 172 2482 illi,
222 2412 297 2496 quo
330 2394 537 2472 monarchia
563 2394 726 2472 Romana
759 2395 902 2496 ipsaque
934 2397 1053 2478 Roma

95 2505 262 2586 delatrix
285 2505 490 2606 sunitarum
522 2511 621 2585 iuxta
653 2506 949 2597 Tertullianum,
1000 2531 1040 2590 ut
1070 2521 1074 2589 i

93 2622 280 2707 diximus,
320 2639 361 2697 ac
391 2621 560 2719 deinceps
588 2619 651 2696 luo
684 2620 770 2710 lopo
797 2638 911 2720 porro
945 2625 1074 2724 explict

92 2755 195 2820 mus,
227 2741 367 2812 corruit
391 2731 493 2809 lecal.
518 2730 560 2806 V.
594 2745 634 2808 ut
652 2749 771 2808 tamen
793 2736 867 2809 eius
889 2733 1050 2835 reliquiae
1070 2751 1074 2814 l

93 2860 182 2922 vate
219 2851 255 2922 in
290 2843 446 2923 Oriente
482 2849 635 2942 imperio
670 2844 1074 2945 Constantinopolitano

91 2956 213 3058 postea
239 2975 404 3054 exparte
439 2957 632 3031 restaurato
660 2960 697 3031 in
724 2954 929 3035 Occidente
955 2964 1071 3062 impet

91 3093 210 3167 regno
247 3069 377 3147 Christi
405 3070 618 3166 dignitatem
652 3070 941 3172 maiestatemque
971 3090 1074 3153 contr

88 3185 162 3257 rint
179 3185 277 3257 iuxta
302 3180 391 3256 illud
421 3180 532 3257 ilaiae:
582 3191 744 3255 sterant
773 3200 870 3276 reges
907 3188 1057 3262 nutritii

90 3290 158 3372 &c
210 3283 391 3370 'Hactenus
412 3295 549 3390 experti
574 3293 693 3369 lumus
715 3294 813 3391 quod
830 3300 874 3370 de
893 3295 1009 3394 lapide
1030 3299 1074 3377 Cl

88 3407 141 3482 sio
170 3397 246 3481 lesa
276 3396 481 3504 praeditlum
512 3404 559 3478 eil
586 3404 748 3480 Danielis
771 3404 814 3481 lt.
849 3427 908 3496 35.
953 3409 1074 3512 Quip

87 3513 233 3616 vulserat
248 3510 420 3603 statuam:
442 3511 560 3612 feditas
579 3513 622 3603 asi
641 3531 737 3590 mons
757 3539 929 3613 magnus,
961 3535 995 3595 tt
1012 3528 1074 3620 imp

85 3636 144 3705 vit
167 3615 371 3720 universnm
397 3638 544 3702 terram.
605 3626 773 3703 Vidimus
789 3633 824 3704 id
851 3635 919 3706 iam
948 3652 1074 3710 auten

83 3737 142 3826 le‚'
186 3756 221 3818 et
257 3733 356 3841 qood
391 3739 700 3823 montannos,
747 3752 782 3816 et
817 3742 936 3819 adhuc
972 3747 1075 3823 decor

83 3879 227 3946 aevum,
249 3855 368 3932 donee
393 3852 564 3954 perdurat
583 3851 734 3953 praesens
761 3852 938 3945 secutum,
971 3873 1071 3959 temp

1002 4049 1074 4140 que
