2400 4478
105 217 138 310 4
458 210 602 309 Ecclefin
628 211 787 293 militans
1108 234 1112 239 ·
1179 31 1198 173 Ι

112 396 211 479 pua,
243 374 341 478 quod
367 375 498 452 abhinc
527 400 642 476 prope
668 377 786 452 abest:
818 374 931 454 veluti
949 374 1075 454 Petrus
1097 374 1150 455 Al·

112 488 272 569 liacenfis
297 512 430 564 annum
450 492 659 588 proximum
691 503 804 582 1789.
836 489 976 564 statuit:
1007 490 1150 587 longius

115 600 211 678 abest
242 598 344 675 Picus
386 598 695 686 Mirandulanus,
747 603 809 700 qui
848 625 991 676 annum
1039 624 1150 694 ¹994

113 710 312 813 praestituit.
357 709 424 787 Alii
456 715 561 789 etiam
596 736 711 789 annos
751 712 1043 798 constituerunt,
1092 717 1152 813 qui
1190 760 1198 769 -

113 821 255 897 dudum
274 826 492 923 praeteriere,
520 825 584 917 sec,
612 828 680 898 iana
715 822 820 901 XVl.
850 826 1028 921 imprimis
1053 848 1153 901 conr·
1184 871 1198 921 :

113 932 251 1035 plendi.
300 933 359 1011 Sic
381 935 523 1012 fanatici
555 935 701 1034 quidam
737 939 773 1012 in
801 934 992 1012 Germania
1019 960 1151 1014 annum
1192 1020 1198 1032 ¹

119 1064 240 1139 1532.
274 1043 398 1124 Franc.
430 1046 598 1133 illeletius
633 1072 767 1131 annum
799 1068 911 1135 1530.
951 1047 1006 1129 vel
1041 1069 1150 1140 ¹540·
1185 1100 1198 1146 .·

109 1146 269 1247 loannes
300 1155 494 1243 Parifienfis
515 1183 651 1242 annum
684 1158 798 1247 156'0.
830 1183 875 1234 ne
902 1160 989 1239 auid
1019 1160 1064 1234 de
1091 1161 1152 1244 Ar·
1183 1213 1198 1261 ς

111 1267 232 1359 aroldo
263 1268 308 1355 de
341 1268 435 1351 Villa
459 1269 566 1353 Nova
596 1272 736 1357 dicam,
778 1273 840 1382 qui
859 1271 1033 1357 adventui
1056 1269 1185 1371 Anti-3

112 1379 235 1469 christi
264 1379 389 1465 fixerat
408 1405 543 1461 annum
571 1394 686 1472 1326,

1183 1586 1198 1599 ..

438 1763 636 1841 Cesar
667 1789 694 1840 a
751 1760 831 1846 ΙΙΙ.
1099 1700 1111 1739 ρ
1182 1702 1198 1791 ἰ

247 1888 249 1895 ¹
375 1921 649 2017 Protnllantium
678 1906 904 2023 improperia.

114 2027 232 2209 &ri
259 2085 493 2184 antesignano
520 2082 685 2167 Luthero
715 2103 904 2186 tantopere
935 2099 1155 2187 paratragoe-

104 2274 107 2279 .
223 2200 309 2277 diati
337 2202 417 2283 sunt
442 2200 486 2279 de
515 2197 618 2297 Papa
648 2201 796 2299 perinde
818 2224 859 2276 ac
877 2197 1004 2279 Turcae
1035 2200 1156 2271 immi·

109 2334 225 2397 nente
269 2315 399 2396 ruina,
443 2312 522 2408 post
563 2313 793 2410 anabaptistae
827 2306 1152 2392 Monasterienses,
1182 2320 1198 2415 'J

112 2434 242 2516 eadem
277 2424 337 2522 spe
381 2425 631 2520 recuperandae
666 2424 835 2505 libertatis
876 2420 1069 2500 christiana
1112 2432 1198 2523 acj

111 2538 329 2619 instaurandi
349 2538 451 2632 regni
471 2535 600 2615 christi
625 2537 772 2630 (creato
794 2536 898 2609 etiam
916 2528 1154 2627 regelnanne
1183 2538 1198 2637 ζ

108 2639 304 2737 leidensi,
336 2666 442 2746 atque
471 2646 703 2743 grallantibus
731 2649 862 2743 ubique
898 2666 962 2742 per
1002 2640 1154 2719 Germa·
1185 2642 1198 2739 ἒ

109 2772 207 2853 niam
238 2759 426 2839 rebellibus
444 2757 605 2847 rusticis)
627 2757 694 2835 ausi
716 2760 793 2836 lunt
824 2756 931 2832 etiam
962 2754 1152 2852 tenipus&
1184 2766 1193 2795 '²

110 2899 250 2957 annum
278 2871 415 2969 figere:
447 2871 557 2947 veluti
580 2867 592 2956 ,’
622 2870 876 2967 anabaptistico
906 2867 1064 2966 quodam
1101 2887 1159 2937 ra-
1185 2841 1198 2965 f}

110 2988 280 3067 bellionis
304 2986 445 3082 spiritu,
478 3001 642 3080 tempore
667 2980 815 3059 Lutberi
842 2982 880 3055 in
910 2979 1064 3061 Serennia
1083 2975 1166 3053 Mi..
1186 2972 1198 3018 :r

111 3103 214 3180 chael
241 3094 383 3181 Stiffel,
414 3096 450 3172 &
485 3097 604 3192 postea
632 3093 755 3170 Petrus
785 3092 979 3192 Molinaeus
999 3093 1051 3165 in·
1068 3087 1154 3167 Gal·
1187 3076 1198 3127 ¹

109 3212 181 3302 lia,
215 3213 267 3290 uti
305 3208 426 3283 videre
460 3209 508 3284 est
549 3207 643 3303 apud
671 3202 878 3283 Bolinetum
916 3199 980 3297 a),
1013 3199 1154 3300 praeler-

110 3328 178 3405 tim
207 3324 252 3399 de
277 3318 438 3396 Molinaei
466 3334 603 3418 nepote
632 3316 740 3397 Petro
763 3316 911 3400 lurica,
943 3314 1032 3413 qui,
1064 3312 1154 3389 duee
1187 3292 1198 3349 ¹

108 3434 288 3536 imprimis
315 3430 445 3507 celebri
478 3430 572 3526 apud
602 3427 742 3526 Anglos
765 3428 829 3508 los.
856 3425 989 3513 llllede,
1022 3425 1157 3522 ubique

108 3553 149 3629 in
176 3549 289 3645 Apoc.
309 3541 370 3618 fibi
388 3541 520 3639 Papam
542 3539 762 3638 effingente,
813 3536 1027 3634 singularem
1055 3558 1157 3615 com·

111 3661 330 3741 menteriuna
359 3655 474 3740 edidit
503 3654 547 3738 ad
571 3676 710 3735 novum
745 3650 993 3733 stabiliendum
1023 3642 1157 3731 chilias·
1188 3628 1198 3757 f

975 3783 1100 3846 mum,

103 3967 137 4048 t)
166 3959 388 4032 avertissement
409 3973 468 4018 aux
493 3951 654 4018 Protestans
684 3948 718 4047 Τ
749 3946 803 4016 ΙΙΙ.
844 3966 917 4048 epp·
937 3968 967 4030 p.
989 3954 1057 4029 576.
1076 3943 1162 4023 leqqa-

193 4041 473 4126 Aecempliliement
488 4039 542 4104 dea
567 4034 745 4116 Prophetren
