2438 4470
165 240 247 313 340
402 243 406 247 ·
472 269 477 275 -
546 214 688 314 Ecclefio
714 183 880 294 militant*

165 384 272 482 pibus
295 372 437 482 imperii
453 378 539 457 fado
562 379 648 467 luit,
675 395 783 480 atque
805 381 1043 456 ¹coustitutum
1062 395 1184 464 contra

167 517 370 595 quemque,
393 497 453 590 qui
473 508 554 567 toto
571 496 715 568 anuoiu
732 496 1117 569 excommunicatione
1128 497 1184 571 ob·

72 686 88 711 .
165 606 366 686 sorduerit,
404 627 473 678 nec
502 604 684 680 absolutus
714 603 841 687 fuerit,
870 621 911 679 ut
940 608 1041 678 iuxta
1072 608 1184 703 palati

165 742 229 793 uas
263 717 360 810 leges
391 713 561 812 indignus
593 720 696 813 regio
738 716 880 789 honore
915 715 1115 810 habeatur3
1155 721 1183 795 id

162 825 267 925 quod
285 826 453 922 deinceps
483 827 620 923 aliquot
647 827 766 902 adhuc
790 825 908 902 seculis
931 826 1001 901 fuit
1023 833 1185 926 praeiudi·-

163 942 273 1014 cium.
332 934 368 1012 Si
380 937 479 1034 quod
497 935 657 1014 Canollae
675 938 789 1012 tribus
804 939 926 1012 diebus
942 938 1183 1019 sustinendum

164 1047 325 1129 Henrico
345 1048 471 1134 fuerit,
518 1048 552 1123 le
575 1051 701 1145 sponte
722 1047 906 1123 subdidille
930 1051 1024 1125 vit‘us
1051 1055 1105 1128 est
1126 1079 1182 1152 pu.

164 1162 265 1238 blicae
285 1163 496 1260 paeuitentiae
528 1163 636 1245 ritui,
685 1179 794 1257 prout
830 1177 918 1234 tunc
954 1163 1180 1256 obtinuerat,

164 1296 343 1373 quemque
370 1276 473 1347 etiam
491 1270 694 1369 Philippum
718 1270 914 1368 Galliarum
939 1296 1066 1370 regem
1095 1276 1182 1353 Part
1208 1288 1211 1365 l

161 1385 217 1462 liis
254 1386 347 1460 baud
369 1388 521 1461 invitum
546 1381 690 1467 obiille‚
727 1406 772 1457 ex
804 1384 887 1459 aclis
917 1386 1061 1460 concilii
1088 1387 1181 1486 apud
1208 1382 1211 1463 l

164 1496 383 1575 Dacherium
409 1497 554 1571 constat.
615 1493 690 1593 lpse
724 1496 918 1573 confitetur
946 1496 1184 1576 nihilomiuus
1208 1550 1211 1609 l

163 1608 366 1705 Gregorius
385 1605 427 1692 o.)
452 1606 552 1705 quod
588 1629 713 1681 ornnes
748 1607 914 1704 equidem
948 1610 985 1682 io
1011 1633 1056 1682 eo
1087 1610 1211 1705 latior

161 1714 199 1796 in
217 1718 339 1793 alitam
359 1722 483 1793 mantii
509 1718 678 1795 duritiem
708 1717 995 1792 admirarentur:
1027 1722 1182 1796 nonnulli
1209 1716 1211 1801 l

161 1853 276 1914 vtro,
318 1830 440 1913 addit,
484 1832 523 1903 irr
550 1827 648 1903 nobis
671 1852 739 1903 non
770 1825 953 1924 apostolica
974 1830 1178 1923 firzreritutir
1209 1826 1211 1919 ῗ

153 1945 404 2037 grauitatem,
425 1939 490 2037 sed
508 1938 602 2034 quali
631 1944 817 2031 tyrannica
844 1936 1010 2037 feritatis
1035 1944 1177 2020 crudelia
1209 1972 1211 2029 ζ

159 2065 265 2128 tatem
279 2050 340 2151 effe
356 2047 557 2127 clamarent.
603 2049 847 2129 Ere-<historicis
865 2076 1016 2154 quoque
1036 2058 1176 2134 illorum
1209 2050 1211 2095 ³

160 2181 391 2260 temporum,
423 2163 575 2261 nequid
608 2164 651 2237 de
671 2163 832 2239 hostibus
863 2168 937 2239 eius
959 2169 1005 2240 ab
1036 2167 1173 2244 Henrici

158 2279 315 2376 partibus
347 2275 515 2348 stantibus
537 2288 573 2347 r'n
595 2290 691 2349 tanta
714 2275 868 2351 colluvie
893 2275 1171 2356 simoniacorum

156 2406 192 2462 et
232 2386 576 2462 concubinariorum
620 2387 762 2469 dicam,
814 2409 888 2460 uon
923 2389 1080 2476 desunt,
1119 2393 1170 2489 qui

156 2503 297 2598 gravius
314 2497 449 2583 adhuc,
491 2522 596 2597 quam
619 2494 714 2575 Otto
742 2496 989 2594 Frifingenfis,
1034 2501 1169 2580 Henrici

156 2634 291 2708 nepos,
321 2606 497 2687 incellunt
522 2608 767 2705 Gregorium:
819 2613 1088 2713 tirnebaturque
1106 2617 1169 2691 eiua

155 2729 257 2819 rigor
278 2739 312 2797 et
341 2723 497 2797 severitas
518 2724 560 2796 ab
581 2725 729 2818 ingenio
756 2721 876 2805 illius,
905 2727 1017 2798 animi
1046 2728 1172 2801 robore·

151 2852 187 2910 et
215 2832 429 2918 constantia,
461 2858 567 2932 quam
590 2851 671 2906 aute
700 2831 947 2931 pontificatum
969 2835 1068 2913 haud
1092 2861 1168 2936 pro·

152 2945 236 3022 seila
258 2946 373 3021 adhuc
396 2962 494 3020 aetate
516 2945 740 3020 ernonallica
768 2947 861 3029 vita,
891 2949 993 3021 cuius
1017 2950 1105 3025 tunc
1126 2947 1143 3022 l
1154 2987 1167 3011 .

150 3056 318 3130 verilliura
344 3053 614 3154 rigidiffimaque
631 3056 918 3153 ctatdiscipliua,
951 3061 1165 3154 protrudus,

149 3166 351 3262 gratillirnis
378 3170 530 3262 negotiis
558 3185 595 3248 et
621 3166 857 3262 legationibus
886 3172 987 3242 variis
1020 3174 1057 3246 in
1088 3170 1165 3246 aulis

150 3281 253 3350 etiam
271 3283 304 3351 in
322 3278 510 3353 Germania
529 3277 750 3373 perluamus,
769 3279 938 3354 omnibus
956 3281 1164 3380 perspellam

148 3389 368 3479 reddiderat3
397 3409 465 3462 nec
485 3390 586 3463 celari
609 3405 751 3494 poterat
780 3405 868 3463 tunc
891 3391 1085 3490 zelos'pro
1109 3394 1164 3469 do·

148 3524 209 3573 mo
241 3498 309 3574 Dei
339 3503 489 3574 intanta
518 3513 660 3576 moratu
688 3515 723 3575 et
742 3499 931 3598 disciplinae
963 3509 1164 3604 corruptio

149 3637 220 3691 ne.
253 3614 347 3708 apud
368 3635 428 3684 eus
454 3612 668 3706 praeliemini,
698 3634 805 3708 penes
825 3636 916 3708 quos
943 3617 1092 3691 censura
1115 3633 1168 3691 eta*

147 3722 327 3798 cli-fiallica
349 3719 415 3796 elle
430 3722 599 3804 debebat,
619 3721 805 3819 episcopos
825 3726 996 3820 inquam,
1027 3731 1091 3827 qui
1110 3720 1162 3801 sibl

146 3840 339 3920 timebunt,
367 3889 389 3924 „
405 3857 450 3908 ne
467 3835 517 3907 vir
544 3831 763 3910 vehementis
783 3836 940 3930 ingenii,
971 3842 1047 3931 (ut
1064 3837 1166 3915 Lam·

236 3998 239 4008 .
274 4013 276 4020 ,
810 3981 812 3987 >
936 3999 957 4044 ,,
987 3950 1113 4028 bertot
1164 3968 1166 3975 ’

182 4076 216 4150 a)
239 4060 322 4167 Toup
343 4056 392 4131 lll.
418 4057 553 4129 lllonum.
577 4057 626 4131 lib.
645 4055 695 4131 Ν.
718 4079 764 4147 tp.
790 4075 837 4130 tr.
