2438 4470
82 235 169 319 ,art
453 216 597 314 &cinit
623 215 791 308 nilitnrr

86 384 226 487 piisque
249 380 452 486 superatum
480 380 627 461 mutalle
654 381 887 475 senteutiam.
915 395 954 463 et
979 386 1128 474 arbitra.

86 502 142 584 ri,
173 499 270 593 leges
299 499 505 596 principum
539 498 632 573 retle
658 497 842 598 implorari
864 497 1033 584 adversus
1061 503 1131 579 ho·

86 611 155 689 iles
176 607 281 693 fidei,
326 609 445 685 ruodo
471 607 508 692 td
534 606 594 685 fiat
616 610 744 693 auimo
764 611 1005 719 corrigendtt
1051 636 1128 692 nou

86 722 207 801 studio
239 720 455 799 vindicandi.
517 717 710 798 Momenta
740 720 774 799 S.
807 714 971 809 Patrem,
1020 742 1065 811 ut·
1093 731 1129 809 in

85 832 240 911 aliorum
275 850 435 908 mentem
468 833 707 921 concederet,
751 834 972 938 impellentia
1003 836 1125 936 pallum

84 943 158 1044 ipse
177 945 398 1045 'depromit.
445 945 508 1024 ubi
541 946 577 1019 in
607 945 681 1029 hoc
706 945 864 1029 versatur
891 966 1125 1045 argumento.

85 1058 147 1144 Sto
173 1053 378 1138 Donatilias
405 1078 450 1133 ex
467 1078 559 1136 voce
575 1055 764 1162 religionis
784 1057 962 1162 stringens
979 1058 1025 1160 u).
1036 1062 1125 1145 iniit:

85 1223 109 1263 ,‚
136 1167 306 1255 Profetlo
327 1168 455 1268 religio
475 1168 544 1254 est,
574 1191 650 1267 qua
663 1184 700 1245 te
717 1168 764 1249 ad
779 1170 936 1247 nostram
957 1194 1127 1253 commu·

83 1335 110 1377 „
140 1286 289 1358 uionem
309 1296 528 1381 praeceptum
549 1282 776 1378 imperatorie
793 1281 958 1394 impellit
1019 1284 1126 1373 Unde

84 1449 120 1490 „‚
138 1391 179 1479 fit
204 1393 450 1494 consequens,
483 1406 523 1473 ut
547 1391 677 1495 religio,
702 1389 744 1469 fit
766 1395 896 1481 etiam,
936 1420 1010 1498 qua
1032 1401 1128 1488 chri.

83 1560 110 1601 „
138 1508 269 1590 stianus
288 1509 485 1606 imperator
505 1503 549 1581 ad
570 1527 696 1594 curam
715 1501 833 1592 luam,
861 1506 1016 1598 iudicat,
1045 1537 1126 1619 per·

85 1673 111 1713 „
140 1623 275 1705 tinere,
323 1642 370 1694 ne
400 1619 438 1693 iu
467 1639 522 1692 res
553 1617 690 1699 divinas
721 1618 873 1715 impune
904 1637 1077 1720 peccetur
1092 1682 1124 1718 „,

84 1728 362 1830 Ingeminabaut
387 1727 476 1805 illud
506 1727 681 1829 apostoli:
709 1727 801 1804 mibi
822 1730 982 1820 vinditio
1006 1746 1043 1819 tt
1063 1760 1123 1834 ego

83 1841 311 1929 retribuum.
354 1863 448 1940 quos
474 1836 647 1924 incellens
679 1840 715 1921 S.
737 1840 960 1941 Augustinus
982 1844 1032 1933 fic
1069 1874 1121 1927 re.

85 1953 231 2032 tundit:
262 2009 284 2044 „
300 1951 485 2037 Clamate,
516 1949 722 2040 fraudetis.
752 1955 950 2053 puniantur
970 1957 1120 2040 homiui,

86 2120 110 2159 „
139 2063 227 2150 dia.
275 2068 472 2163 puniantur
502 2063 696 2150 adulteria,
746 2068 943 2165 puniantur
977 2088 1119 2166 caetera,

84 2233 110 2272 ‚‚
137 2176 375 2276 quantalibet,
407 2175 545 2251 sceleris
569 2172 638 2253 five
660 2168 819 2256 libidinis
844 2178 1031 2271 facinora,
1056 2185 1120 2273 {ire

85 2342 110 2382 „
139 2286 293 2385 flagitia,
341 2286 412 2363 sola
442 2285 621 2387 sacrilegia
650 2287 821 2366 volumus
844 2314 863 2366 a
890 2301 1119 2392 regnantium

85 2454 111 2493 „
140 2400 281 2499 legibus
308 2399 565 2497 impunita...
622 2396 710 2483 Haec
728 2401 892 2486 diceutes
915 2407 1006 2505 quid
1028 2410 1120 2488 aliud

84 2568 109 2607 ,‚
138 2513 270 2599 dicitis,
303 2509 365 2594 nilr
386 2510 486 2588 nulla
509 2509 670 2588 hominis
698 2510 854 2612 potestat
873 2520 1117 2611 contradicat.

82 2674 108 2719 ,‚
138 2641 248 2728 atque
265 2625 454 2724 'obstrepat
482 2622 606 2701 nostro
630 2623 744 2707 libero
771 2624 939 2716 arbitrio,
971 2633 1118 2733 quando

83 2788 109 2833 „
138 2740 305 2814 iniuriam
327 2736 476 2821 facimus
500 2732 593 2819 Deo.
652 2731 833 2825 Odolor!
863 2738 1028 2831 fraudata
1043 2746 1119 2829 lunt

83 2905 108 2945 „
138 2850 199 2927 tali
233 2849 437 2953 magisterio
469 2861 634 2951 tempora
657 2853 825 2950 antiqua,
870 2854 1022 2961 quando
1049 2856 1119 2936 lan-

82 3015 108 3056 „
137 2961 213 3038 llus
241 2960 361 3037 Moses
385 2961 531 3037 iniurias
554 2958 629 3044 luas
652 2958 821 3048 lenilliure
841 2964 1020 3062 perculit.
1051 2968 1118 3052 Dei

83 3128 108 3167 „
137 3096 224 3148 vero
242 3069 450 3149 leveriffinre
464 3070 698 3165 vindicavit„.
746 3071 919 3173 Religioll
939 3082 1117 3184 principes

83 3186 245 3285 quique,
275 3182 360 3260 iude
380 3207 400 3261 a
419 3186 542 3285 primo
566 3186 785 3284 imperatore
806 3188 1003 3276 christiano
1021 3192 1118 3275 Con.

84 3296 240 3375 stautino
271 3294 370 3394 leges
401 3309 529 3374 contra
558 3295 766 3384 haereticus,
813 3296 876 3384 sub
902 3298 977 3382 hoc
1010 3307 1115 3386 titulo

82 3405 250 3487 collellas
271 3410 306 3483 in
336 3406 463 3485 codice
494 3406 584 3487 iolla
618 3404 816 3493 Theodosii
846 3413 919 3490 iun.
950 3418 1115 3504 consedit
1161 3420 1165 3531 1

81 3516 297 3607 sanxerunt,
325 3518 478 3595 leniores
505 3518 880 3613 intumentium,
912 3528 1022 3607 etiarn
1049 3531 1116 3607 lan·

80 3634 289 3734 guinarias.
317 3630 426 3710 veluti
455 3653 502 3708 ex
530 3631 699 3712 conditio
727 3636 798 3729 (ut
819 3635 985 3725 obl'ervat
1014 3639 1054 3734 b)
1079 3641 1113 3722 Ρ.

400 3748 444 3791 “’
966 3750 1064 3836 Lud.

122 3898 158 3976 a)
181 3891 243 3958 tib.
266 3892 426 3959 licentra
451 3895 595 3961 Gaudent
619 3903 649 3962 rt.
679 3917 724 3979 ¹3·
750 3899 787 3965 Τ.
802 3900 856 3966 ΙΧ.
880 3923 910 3983 p·
934 3912 1007 3988 ⁶74

122 3981 157 4061 l)
180 3971 280 4043 Traite't
303 3979 492 4062 dogmatiuue
509 3995 540 4046 et
556 3979 622 4048 hist.
643 3981 697 4048 dua
715 3985 791 4050 edito
812 4001 843 4053 et
860 3986 913 4056 dea
933 4009 1034 4062 notter
1052 4011 1105 4061 taor
