2400 4478
172 172 180 191 ⁴
254 217 405 297 ragnum
422 191 784 285 arretinorum.
801 193 909 277 XXI.
1017 226 1097 299 159¹

61 365 177 444 suerat
194 364 404 448 contentio,
435 362 516 460 quis
532 380 660 437 eorum
680 359 862 467 videretur
881 348 950 442 esse
967 366 1093 449 maior.

61 535 81 573 ‚‚
111 474 158 554 Et
175 474 350 576 quidem,
374 475 448 569 (ait
472 468 641 572 postea,)
657 489 914 569 cognoverunt
931 499 995 577 pet
1014 479 1116 559 Do··

61 647 80 685 ‚,
112 591 254 665 minum
280 584 442 662 nostrum
469 583 584 660 lesum
609 583 820 688 Christum,
851 591 953 688 quod
973 591 1098 673 sutura

61 760 81 796 „
111 693 199 777 esset
217 700 407 776 contentio
430 695 474 772 de
495 697 644 773 nomine
664 690 887 797 episcopatus
908 703 998 782 :ob
1018 697 1097 786 eam

61 871 81 909 „
111 830 204 911 ergo
223 810 384 895 causam,
430 831 463 883 n.
487 825 551 901 44.
581 822 726 907 accepta
758 806 907 907 perfetta
934 834 1115 918 praecog-¹

61 983 82 1019 ‚‚
111 928 254 1001 uitione
286 921 555 998 constituerunt
582 919 821 1020 supradictos,
860 936 896 1000 et
921 927 1098 1029 -deiocepa

61 1095 83 1132 „
111 1037 244 1114 suturae
260 1031 483 1111 successionis
498 1031 657 1130 regulam
678 1032 922 1122 tradiderunt,
954 1053 994 1115 ut
1011 1059 1096 1118 cunr
1177 1062 1181 1074 ’

60 1207 83 1244 ,,
111 1148 164 1226 issi
190 1146 425 1241 decederent,
478 1145 713 1223 ministerium
745 1169 876 1224 eorum
902 1167 944 1226 ae
966 1169 1099 1232 munus

61 1318 85 1358 „
114 1260 177 1339 alii
202 1260 267 1335 viri
293 1259 435 1358 probati
462 1259 669 1358 exciperent
685 1309 718 1349 „.

143 1413 203 1499 Ex
222 1414 400 1517 Signatii
422 1410 475 1495 Μ.
491 1412 648 1518 epistolis
666 1408 811 1494 difficile
830 1415 900 1507 est,
935 1414 1098 1502 falesium
1184 1474 1188 1480 -

61 1534 198 1620 facere,
230 1555 314 1608 cunr
332 1553 460 1607 omnes
479 1527 544 1606 srnt
559 1529 602 1606 ad
620 1528 824 1616 hierarchiae
842 1531 941 1610 sacrae
953 1535 1100 1636 eiusque

61 1644 190 1748 capitis
211 1643 368 1744 episcopi
388 1631 637 1718 ebriositatem
664 1638 803 1725 aPntre
824 1658 1007 1744 acceptam
1035 1670 1100 1746 per

61 1757 247 1839 Christum
274 1753 421 1850 (modo
446 1756 514 1829 ianr
534 1747 656 1842 uuo)
684 1750 959 1843 adstruendam,
991 1771 1101 1859 atque

61 1891 110 1948 ex
130 1870 191 1946 sua
219 1870 360 1965 origine
385 1888 425 1942 ao
444 1859 606 1941 mtffiune
633 1878 674 1942 ut
701 1864 857 1942 divinam
886 1866 1100 1951 firmandam

62 1977 286 2082 compositae.
321 1977 355 2055 S.
381 1970 519 2078 Martyr
548 1974 718 2054 breuibus
744 1969 782 2066 u)
814 2003 890 2057 rem
922 1982 1097 2080 explicat,

63 2096 255 2195 iuquiens:
288 2147 309 2183 „
325 2090 486 2169 Christus
506 2086 617 2165 Patris
643 2091 692 2165 est
711 2089 902 2177 sententia,
934 2107 974 2170 ut
991 2098 1099 2173 etiam

62 2258 85 2300 „
116 2202 277 2306 episcopi
299 2202 431 2282 Christi
458 2202 539 2278 sunt
555 2200 725 2279 sententia
745 2257 767 2294 ,‚
813 2195 948 2304 γνώμη,
975 2205 1100 2306 regula

63 2320 241 2396 nimirum
275 2334 316 2392 ac
346 2336 504 2400 notura,
551 2334 658 2414 quarn
696 2313 792 2417 sequi
827 2330 1005 2415 oportet,
1058 2334 1129 2396 ut·

61 2425 188 2534 postea
225 2428 377 2526 exponit
412 2448 453 2504 ac
494 2443 620 2502 monet
650 2447 684 2501 n.
726 2446 784 2520 5.:
830 2479 852 2518 „
881 2428 1097 2508 Studeamus
1131 2434 1133 2437 ’

61 2592 86 2636 „
117 2538 291 2642 episcopo
315 2560 389 2615 uon
407 2533 583 2624 resistere3
614 2550 655 2614 ut
680 2536 783 2617 horus
802 2539 942 2615 suhietii
963 2540 1047 2618 Deo
1063 2593 1097 2632 „.

61 2652 112 2734 Et
133 2675 223 2728 mox
250 2673 284 2728 n.
312 2663 347 2727 6.
391 2649 543 2728 iterum:
583 2644 856 2741 „Manifestum
881 2652 951 2737 est,
996 2649 1099 2751 quod

61 2763 328 2866 „episcopum
368 2761 540 2860 respicere
574 2779 720 2861 oportet
750 2783 790 2842 ut
822 2756 936 2863 ipsum
968 2757 1102 2843 Douri-

61 2931 86 2975 „
116 2897 206 2955 rrum
227 2929 261 2968 „.
298 2869 549 2972 Magnesrauos
576 2877 668 2950 inter
696 2875 761 2951 alia
783 2891 935 2963 nannet.
986 2875 1101 2954 subie-

62 2989 143 3071 stos
165 2985 234 3065 esse
254 2987 453 3087 episcop0‚
497 2992 538 3061 ut
563 2978 715 3074 Christus
740 2982 868 3074 Porri,
904 2999 938 3062 et
959 2984 1102 3084 aposloli

65 3095 215 3191 christo.
275 3099 332 3178 Ad
359 3094 556 3177 Trasserrses
591 3122 624 3175 n.
656 3117 690 3174 2.
722 3099 758 3175 in
784 3099 933 3192 eandem
963 3100 1103 3179 senten.

61 3218 153 3294 tiam
189 3212 327 3291 scribit:
386 3210 523 3306 „Cum
553 3210 722 3310 episcopo
761 3205 905 3288 subiecti
944 3215 1021 3289 estis
1061 3228 1103 3295 ut

63 3379 87 3422 „
116 3320 196 3406 lesu
237 3321 407 3411 Christo,
461 3324 634 3399 videmini
670 3321 757 3405 mihi
790 3348 867 3398 uon
903 3318 1100 3404 secundum

61 3493 87 3534 ,‚
115 3440 309 3525 homines,
341 3434 400 3515 sed
419 3431 614 3513 secundum
637 3435 748 3512 lesum
770 3430 952 3516 Christum
973 3441 1099 3517 rivere.

61 3602 86 3648 „
117 3551 174 3629 ht*
197 3544 504 3653 philadelphenses
526 3571 558 3624 n.
576 3564 610 3624 2.
650 3547 854 3648 Quotquot
874 3549 946 3628 Dei
968 3567 1003 3626 et
1027 3550 1102 3627 lesu

61 3714 88 3758 „
118 3663 252 3742 Christi
273 3663 377 3748 sunt,
409 3662 445 3737 hi
466 3663 545 3739 sunt
564 3680 647 3738 curn
671 3658 843 3762 episcopo
859 3719 892 3756 ‚‚.
951 3662 1102 3760 Semper

61 3777 203 3878 gradus
221 3776 358 3854 ordinis
373 3770 584 3852 hierarchici
597 3772 804 3874 distinguit,
819 3775 996 3878 inrprinrir
1014 3799 1101 3848 vero

994 3908 1049 3960 ru·

113 4048 149 4128 a)
169 4044 199 4110 S.
219 4041 281 4125 ign.
298 4039 341 4108 ut.
355 4061 401 4123 ep.
415 4041 453 4107 ad
472 4038 621 4123 Ephe-‚n
637 4058 666 4122 3«
