2400 4478
185 259 337 337 regnum
357 236 485 335 utristi
498 242 536 316 in
551 238 670 319 larris.
692 240 720 320 r.
738 237 923 321 XXXIX.
1006 258 1081 342 365

10 406 105 482 sau.
134 420 252 493 1¹5¹·
268 401 401 491 refert,
432 406 470 479 in
496 402 781 481 universitatibus·
798 404 857 483 seu
880 405 998 484 studiis
1023 431 1088 508 ge.

10 516 253 603 intralibus,
295 519 453 592 maxime
477 538 564 592 vero
593 515 768 594 Bononiae
798 519 944 617 praelegi
970 519 1087 611 iuffit,
1119 550 1123 557 ¹

10 660 21 706 r
33 627 266 756 publiceque
289 618 381 705 illius
400 626 654 727 profeffionem
679 633 836 705 exerceri
863 655 881 706 a
905 632 1090 760 theologi.

10 752 92 821 rca
113 743 309 838 (maximo
334 739 517 840 utriusque
541 740 740 839 disciplinas
760 742 879 829 malo,
923 748 973 837 rei
994 745 1089 822 chri-

10 854 165 934 ‚stianae
185 851 423 939 detrimento,
455 877 496 928 ac
519 849 783 952 irrecuperabili
807 854 944 931 damno
963 833 979 943 >
1000 872 1090 936 tunc

10 965 244 1063 edistingui,
258 949 315 1041 a'c
339 961 517 1040 seorfim
508 989 545 1039 m
567 963 695 1041 scholis
720 965 1014 1087 tradicoeptam,
1046 971 1097 1047 ut‘
1164 1065 1167 1071 ι

13 1075 389 1159 iBulaeusobszervat
439 1078 545 1176 qui,
545 1080 698 1176 ,itaque
727 1075 920 1171 (subdit)
952 1095 1089 1158 veteres
1163 1081 1164 1084 ’

10 1210 70 1286 ι,,·,·
100 1189 267 1286 theologi
286 1204 362 1264 tum
383 1187 458 1265 fere
475 1188 667 1266 decretistae
682 1186 759 1264 satli
783 1188 887 1268 sunt:
917 1190 967 1265 illi
985 1217 1085 1283 vero,

10 1344 72 1394 „-
87 1297 229 1400 quibus
251 1299 385 1397 placuit
411 1299 599 1398 theologia
623 1299 844 1387 lcholastica,
875 1315 910 1378 et
931 1303 1089 1402 disputa·

43 1459 71 1506 -,,
98 1416 187 1498 trix,
219 1411 368 1510 speciale
395 1410 590 1488 studium
580 1435 616 1486 m
644 1436 683 1489 ea
709 1411 959 1500 collocarunt,
991 1415 1105 1492 seve-1

26 1560 71 1618 ¹„
101 1523 218 1624 risque
234 1523 439 1600 trattatibus
457 1522 675 1620 theologicis
695 1526 900 1601 innumeras
923 1528 1088 1624 quaestio-

44 1689 70 1731 „
101 1661 186 1721 nes,
217 1640 415 1712 antea'non
437 1634 592 1720 auditas,
629 1651 670 1712 et
688 1659 765 1736 quae
785 1635 962 1738 plerisque
989 1639 1100 1718 vide,

43 1800 70 1843 „
100 1752 231 1826 bantur
257 1747 419 1832 inutiles,
451 1746 739 1825 interseruerunt
762 1802 785 1840 „

86 1885 242 1987 Addit
259 1909 354 1984 idem
376 1904 530 1994 Bulaeus,
562 1906 692 1984 eodem
709 1924 875 2010 tempore
893 1911 977 1987 iuris
997 1908 1087 1989 utri

43 1978 159 2123 usque
193 2019 450 2120 disciplinam
440 2045 476 2096 1n
505 2003 634 2096 scholis
653 2019 898 2099 Parilienllbus
924 2029 1085 2103 exerceri

10 2131 195 2234 coepisse
209 2148 383 2234 regnante
399 2129 593 2212 Ludovico
606 2129 686 2209 Vll
707 2136 798 2211 circa
815 2158 950 2210 annum
968 2153 1083 2224 1150.
1104 2166 1106 2212 1

10 2242 587 2384 affertbuelo.8arisberiens1s
614 2245 858 2322 testimouium
882 2248 971 2347 (qui
992 2247 1087 2323 duo·
1099 2240 1103 2273 ⁵

10 2336 167 2437 decim
185 2381 300 2433 annos
314 2359 350 2431 in
372 2355 499 2432 scholis
520 2352 622 2434 Paris
626 2355 695 2434 ens
700 2360 766 2434 hus
785 2381 856 2435 con
860 2357 1007 2448 sumsrt)
1035 2379 1096 2456 ert

10 2446 110 2609 {lib
125 2469 173 2547 11
189 2469 427 2566 hieralogici,
451 2468 511 2545 ubi
527 2483 598 2544 tres
615 2486 706 2545 artes
724 2469 980 2573 distinguens,
1005 2472 1086 2572 post

10 2560 202 2696 'primam
219 2581 427 2667 militarem,
437 2595 484 2656 et
501 2579 690 2657 secundam
711 2581 978 2669 medicinalem,
1009 2593 1087 2656 trr

10 2675 123 2780 ³titt,
161 2692 298 2778 subdit,
330 2695 421 2768 luris
450 2689 570 2767 ciuilis
591 2702 626 2767 tt
646 2688 879 2770 Decretorum
912 2704 945 2769 et
974 2697 1084 2771 torius

10 2782 19 2836 ²
48 2806 132 2886 Et
101 2829 176 2881 rzrae
196 2801 443 2902 perfusionem
472 2801 640 2899 obserbent
677 2805 892 2904 Superaddlr
919 2823 955 2882 et
989 2805 1088 2884 Petri

10 2894 109 3057 {ure
113 2916 213 2995 sensrs
225 2917 454 2994 conformem
469 2914 736 3046 responsionem
748 2917 845 3016 epist.
865 2930 921 2992 16.
935 2919 978 2994 ad
994 2923 1084 2994 ami

10 3008 133 3112 cum
154 3030 376 3132 quemdam
367 3032 631 3106 ruriscanonici
659 3029 873 3115 studiosum,
899 3052 1008 3129 aquo
1024 3052 1086 3108 ro·
1178 3018 1180 3041 '

10 3226 16 3255 ς
10 3144 155 3246 gatus
166 3143 299 3230 suerat
314 3156 354 3220 ut
364 3165 398 3218 er
389 3139 604 3220 nonnullas
620 3142 830 3242 quaelirones
842 3143 1027 3220 enodaret

10 3282 14 3346 5
123 3303 278 3383 Abhinc
298 3284 481 3381 curiositas
508 3303 567 3382 illa
590 3301 933 3405 contentiofitasque
959 3325 1005 3380 ex
1025 3327 1085 3381 ea
1096 3334 1098 3338 ¹

45 3419 185 3497 ’thedris
211 3417 442 3506 academicis,
485 3439 527 3493 ac
559 3415 760 3493 scholarum
784 3416 931 3516 pulpitis
968 3421 1004 3491 in
1024 3417 1085 3492 fo·

48 3553 131 3608 rum
159 3554 233 3606 non
254 3527 537 3614 civiletantum,
587 3527 644 3605 sed
672 3532 778 3604 etiam
812 3527 1082 3606 ecclefiasticum

49 3644 221 3734 devenit3
250 3642 408 3720 etesium
434 3641 482 3716 est
510 3639 632 3717 sorum
651 3639 867 3739 litigiosum,
897 3639 1080 3716 theatrum

49 3749 354 3856 praetenllonum:
395 3752 556 3832 confusa
575 3754 656 3830 sunt
682 3755 767 3829 iuris
794 3757 981 3850 utriusque
1007 3750 1082 3827 sor·

49 3863 158 3944 mulas
183 3887 227 3939 ex
250 3867 446 3944 coniuntio
474 3870 673 3966 utriusque
682 3864 819 3949 studio,
838 3862 1083 3964 adoptataquc
1183 3958 1185 3963 ι

46 3980 154 4119 praxi
174 3998 250 4054 non
278 3978 317 4093 in
346 3975 474 4056 scholis
500 3992 672 4067 tantum,
717 3974 776 4058 sed
802 3979 909 4054 etiam
930 3978 967 4053 in
993 3975 1082 4053 soris

21 4111 23 4115 ·
144 4133 148 4141 ν
913 4088 1056 4168 eccle
