2438 4470
150 237 232 332 356
308 239 315 246 '
491 185 662 317 ¹Ecclesia
685 223 846 305 militam

151 379 372 503 salutationis
391 388 477 468 loco
500 390 607 466 etiam
628 386 783 467 verfibus
813 404 896 468 vota
927 389 986 468 stra
1019 388 1209 489 huiusce-x

149 504 253 580 modi
267 499 529 602 exprimendo:

150 661 230 741 Rex
247 658 378 747 valeat,
395 660 570 762 quidquid
586 661 708 762 cupit,
735 658 895 739 obtineat
914 655 1018 763 super
1036 659 1187 764 hostes3

151 774 347 894 Imperium
368 790 511 861 teneat,
537 772 665 852 Romae
680 773 813 861 sedeat,
835 780 1096 894 regat-orbem.
1118 783 1185 859 &c

177 920 182 932 ’
234 932 443 1013 consultius
470 959 556 1012 vero
586 935 693 1012 duxit
719 934 939 1023 conradus,
984 940 1057 1036 piis
1085 940 1185 1020 obse.

149 1049 309 1125 condare
323 1049 355 1125 S.
366 1047 533 1126 Bernardi
543 1047 734 1147 praesertim
751 1051 844 1124 votis
857 1048 899 1124 od
918 1049 1183 1151 suscipiendum

152 1159 287 1236 bellam
318 1165 353 1236 in
378 1158 563 1245 Oriente.
607 1175 642 1234 et
672 1161 941 1256 expeditionem
969 1163 1008 1238 in
1040 1163 1186 1243 Palaesti.

151 1295 259 1349 nam:
291 1275 521 1372 notandaque
545 1267 594 1348 est
617 1270 779 1349 eiusdem
803 1273 847 1349 ad
872 1267 1050 1351 loannem
1071 1276 1184 1356 Com·

151 1407 286 1460 nenum
308 1389 396 1485 imp.
418 1383 654 1484 Cpolitanum
683 1383 831 1482 epistola
856 1386 892 1460 in
914 1387 1183 1477 testimonium,

151 1495 239 1595 quid
257 1502 490 1596 imperatores
506 1495 713 1574 Germanici
730 1498 855 1573 animo
872 1494 1057 1594 gesserint,
1077 1501 1182 1595 quod

151 1611 280 1704 attinet
315 1610 505 1706 imperium
534 1605 696 1685 Orientis
711 1629 730 1682 ε·
759 1623 838 1699 „ut
854 1626 1019 1707 parentes
1045 1613 1179 1699 nostri,

26 1746 29 1751 ·
150 1775 173 1815 ,‚
199 1724 219 1816 ν(
237 1715 366 1810 iniit,>
387 1720 553 1796 videlicet
569 1716 821 1796 Romanorum
844 1724 1100 1821 imperatores,
1121 1749 1184 1800 an-

150 1887 173 1929 „
204 1829 389 1908 recelsores
415 1832 526 1908 nostri
546 1830 592 1907 ad
613 1826 847 1909 antecessores
870 1833 1029 1921 vestros,
1053 1835 1184 1916 scilicet

150 1997 173 2035 υ
203 1967 355 2042 regnam
376 1941 616 2041 et‘populum
646 1940 859 2023 Graecorum
892 1947 1182 2037 constituerunt,

149 2107 172 2151 ,,
193 2039 400 2133 'constituor
430 2072 466 2133 et
486 2054 572 2131 licut
591 2055 841 2141 servaverunt,
870 2055 1030 2135 servabo.
1091 2059 1181 2138 Non

149 2221 172 2263 ‚,
202 2165 251 2243 est
279 2192 390 2265 gens,
420 2190 602 2265 regnum,
631 2182 693 2242 aur
717 2161 899 2265 populus,
929 2172 1094 2268 quinon
1119 2197 1182 2249 no-

150 2333 172 2383 „
203 2282 315 2365 verit,
356 2277 675 2356 nostraeltomanae
704 2277 1086 2376 reipublicae'vestram
1121 2309 1184 2362 no·

148 2443 171 2492 2,
203 2413 280 2466 vam
304 2388 458 2468 Romam
484 2407 519 2466 et
540 2391 628 2474 dici,
659 2405 695 2465 et
714 2388 795 2467 fore
821 2389 955 2478 filiam,
1005 2417 1051 2469 ex
1076 2395 1183 2476 huiur

148 2557 171 2595 „
202 2502 317 2578 radice
351 2527 470 2578 ramos
500 2517 536 2578 et
564 2501 697 2578 iratius
735 2503 812 2579 eius
841 2501 1041 2603 processisse
1075 2510 1191 2602 ὅτε»,

149 2609 306 2690 Vicissim
333 2637 419 2690 vero
438 2613 472 2691 S.
489 2611 529 2690 Ρ.4
545 2611 595 2706 Q.
612 2611 656 2690 R.
676 2615 858 2711 imaginati
874 2611 935 2691 libi
955 2617 1090 2694 statum
1110 2619 1185 2699 Ro·

148 2748 266 2802 mane
282 2726 481 2825 reipublicae
502 2723 688 2812 florentis,
717 2749 801 2802 cum
823 2726 903 2802 orbi
927 2727 1115 2809 dominari
1136 2737 1184 2810 vi·

148 2835 308 2923 deretur,
327 2836 507 2936 legatione
525 2837 568 2912 ad
581 2835 801 2914 Fridericum
818 2836 1065 2917 Barbarolsam
1078 2845 1184 2936 Con.

125 2949 221 3024 'radi
243 2949 480 3027 successorem
519 2946 648 3038 missa,
688 2947 776 3026 dom
808 2954 1037 3048 arrogantius
1071 2954 1183 3036 fascea
1218 3039 1219 3044 Ν

145 3061 356 3159 imperatori
379 3061 652 3148 submitterent,
708 3063 746 3136 in
783 3061 954 3161 responsis
991 3063 1182 3160 tulerunt,

146 3225 169 3264 „
199 3194 309 3272 penes
347 3173 381 3251 se
416 3172 484 3252 elle
512 3173 672 3250 senatum
702 3184 737 3249 et
766 3174 909 3251 milites.
968 3174 1181 3282 Principem

144 3278 175 3391 ,j
197 3298 327 3373 tuum,
356 3289 504 3388 (pergit
527 3281 778 3370 Fridericus‚)
806 3285 955 3362 militent
983 3311 1111 3368 meum
1132 3293 1182 3372 fe.

143 3451 166 3488 „
194 3398 255 3483 ci,
285 3414 393 3498 teque
412 3399 580 3495 deinceps
601 3398 636 3472 in
658 3419 775 3473 meam
796 3397 970 3473 ditionem
987 3404 1180 3485 transfudi.

142 3564 165 3608 „
195 3506 590 3608 Legitimuspotsess'or
605 3508 843 3609 sumseripiat
864 3512 962 3610 quis,
993 3508 1018 3585 st
1039 3518 1179 3612 potest,

142 3652 173 3710 „2
195 3621 328 3698 clavam
344 3619 389 3694 de
411 3643 517 3696 manu
533 3617 698 3697 Herculis
721 3676 744 3712 „
790 3635 829 3698 ut
847 3645 922 3698 rem
940 3639 1060 3701 narrat
1082 3627 1179 3708 Otto

142 3727 392 3829 Frifingenfis‚
436 3731 578 3830 ipseque
608 3733 804 3830 imperator
836 3733 872 3808 in
907 3735 1057 3833 epistola
1091 3740 1178 3820 huic

141 3843 204 3943 lpsl
230 3840 350 3918 attetto
371 3854 500 3938 patruo
513 3840 581 3938 sua
603 3840 739 3924 Ottoni
764 3841 976 3943 Frifingenst
999 3851 1177 3954 episcopo

141 3955 287 4057 scripta,
315 3954 358 4032 ab
383 3979 501 4059 eoque
519 3956 564 4034 ad
588 3957 723 4037 calcem
742 3955 803 4034 lib.
823 3954 924 4038 Vlll.
954 3957 1086 4038 chron.
1124 3990 1181 4045 re··

1025 4071 1120 4160 lata:
