2400 4478
137 221 216 303 176
297 224 301 229 ’
414 184 417 189 ’
482 199 625 301 Ecclefio
654 160 832 282 militant·¹

125 369 294 469 sacrilega
315 366 441 456 sacra,
485 367 586 444 orbis
619 366 797 444 christiani
829 378 961 468 caputr
1007 365 1173 470 dumque

126 500 229 561 vetus
262 480 320 556 illa
363 481 463 556 orbis
497 480 646 556 domina
680 479 814 557 decidit
842 481 908 558 suo
942 479 1168 578 splendore,

20 586 27 599 ’
126 594 243 674 acad
276 594 465 669 interitum
501 594 644 689 vergit,
673 613 719 667 ex
751 594 827 670 eius
865 593 977 669 ruinis
1008 593 1172 694 exsurgit

126 731 250 791 nova,
281 702 394 780 veluti
423 702 541 802 lapide
570 725 618 779 ex
645 719 772 779 monte
801 703 919 783 deciso
952 721 1170 785 conterente

126 815 328 903 cololium,
376 813 537 916 illudque
579 813 620 891 ll.
666 813 814 893 XllXi
862 835 926 904 23.
956 819 1168 897 vaticinium

126 932 320 1030 impletur:
351 925 396 1002 Et
419 936 524 1002 armo
552 949 651 1022 reges
678 929 827 1002 nutritii
856 930 937 1014 tui,
967 938 1003 1004 et
1038 935 1169 1026 regine

126 1044 395 1119 nutrientia:
426 1038 530 1116 vultu
562 1042 601 1114 in
633 1049 770 1116 terram
801 1037 941 1139 demiffo
966 1038 1167 1120 odorabunt

125 1168 179 1242 te,
209 1165 243 1230 et
261 1151 450 1250 puluerem
471 1151 596 1247 padum
624 1162 768 1227 tuorum
796 1150 943 1248 lingent.
1004 1150 1051 1229 Er
1065 1155 1165 1252 scier,

125 1270 211 1366 quio
236 1289 298 1360 ego
331 1263 535 1354 Dominus,
552 1263 665 1363 super
697 1282 764 1361 quo
788 1286 859 1343 non
885 1260 1166 1365 confundantur,

124 1385 186 1479 qui
208 1376 407 1477 exspeiiunt
429 1400 520 1454 eum.
1103 1379 1106 1386 '

206 1536 333 1621 Nemo
348 1540 516 1642 equidem
538 1539 748 1628 mirabitur,
778 1533 924 1618 invisam
953 1533 1049 1622 hanc
1069 1540 1166 1625 fuiffe

124 1658 267 1734 felicem
285 1654 417 1730 sortem
435 1653 597 1753 scriptori
609 1654 758 1741 ethnico
776 1650 971 1732 Ammiano
987 1650 1167 1736 Marcelli-

124 1795 195 1854 no,
222 1770 284 1865 qui
298 1762 337 1857 o)
353 1763 542 1842 Romanos
561 1764 750 1865 pontifices
775 1769 889 1866 carpit
910 1767 955 1843 de
972 1768 1062 1849 fastu
1074 1794 1163 1871 quo-

125 1882 206 1963 dam
226 1903 267 1954 ac
285 1875 514 1977 profufiune,
542 1900 652 1977 quam
679 1894 799 1954 tamen
818 1878 1088 1959 laudatillimam
1111 1884 1163 1962 su·

123 2017 186 2095 pra
201 1990 442 2091 prodidimus.
474 1987 555 2067 Nec
568 1988 817 2068 malevolentia
830 2008 926 2069 caret
940 1994 1058 2083 idem,
1079 1996 1160 2074 dum

122 2105 214 2181 alios
227 2101 322 2178 solos
335 2101 456 2179 laudat
470 2157 480 2185 ,
495 2123 622 2201 quos„
634 2104 804 2189 tenuitas,
816 2106 932 2190 uiuit,
946 2106 1078 2189 edendi
1096 2132 1157 2208 po·

123 2270 146 2311 ‚,
177 2214 349 2315 tandique
360 2212 582 2313 parcillrme,
601 2212 717 2290 vilitas
729 2217 835 2290 etiam
850 2216 1156 2306 indumentorum,

120 2386 143 2423 ,‚
167 2343 203 2405 et
226 2326 412 2427 supercilia
439 2325 591 2402 humum
623 2325 811 2424 spectantia
837 2344 1019 2430 perpetuo
1046 2335 1158 2409 numi-

121 2499 143 2536 „
171 2445 208 2517 ni
237 2438 397 2541 verisque
421 2440 499 2513 eiur
520 2438 749 2524 cultoribus,
781 2455 822 2516 ut
841 2459 954 2541 puros
971 2465 1155 2521 commen·

120 2612 144 2650 „
176 2556 290 2639 dant,
324 2566 359 2629 et
393 2551 629 2630 verecundos.
650 2602 672 2642 ,‚
731 2549 827 2652 Quis
865 2551 943 2630 haec
976 2578 1056 2632 non
1090 2550 1156 2633 lau·

121 2669 228 2745 dibus
262 2656 422 2744 celebret
462 2687 534 2764 prae
562 2662 756 2740 Ammiano
790 2665 918 2762 gentili
951 2665 1152 2746 christianus

121 2776 308 2880 quisque?
339 2775 435 2870 Quis
469 2799 558 2852 vero
591 2775 684 2851 hanc
710 2775 853 2852 vivendi
881 2780 1063 2856 rationem
1094 2800 1151 2857 ceu

120 2891 243 2988 legem
273 2889 478 2987 impofitam
508 2888 634 2965 statuat
652 2941 654 2944 ψ
672 2886 892 2976 hierarchis,
923 2906 986 2968 aut
1015 2894 1151 2971 cuicun-

121 3028 194 3104 que
232 3004 380 3080 demum
417 3000 516 3078 alteri
555 3001 693 3076 ordinis
724 3004 972 3102 cuiuscunque
1003 2996 1152 3083 euclem·

121 3117 222 3202 stici,
253 3116 441 3194 autetiam
468 3107 648 3210 religiofii
707 3103 747 3188 ln
775 3110 809 3188 δι
840 3113 1067 3213 Augustino,
1096 3112 1149 3215 qui

119 3227 310 3327 episcopus
338 3220 570 3301 monasticam
600 3216 701 3300 simul
724 3219 832 3300 vitam
857 3248 942 3302 cum
972 3229 1037 3306 suo
1060 3228 1145 3305 clero

125 3342 259 3416 etiatus
295 3339 372 3426 est,
403 3338 556 3412 mediam
590 3335 626 3412 in
665 3336 781 3424 vitiu,
809 3338 961 3425 vestitu,
992 3364 1036 3418 ac
1070 3339 1139 3438 lup·

120 3453 286 3554 pelledili
313 3454 491 3528 rationem
516 3465 602 3525 cum
633 3447 789 3526 Poffidio
819 3471 874 3550 ep.
896 3454 971 3528 eius
992 3448 1142 3529 familiari
1183 3536 1187 3541 ,

119 3590 243 3666 aequus
283 3568 439 3666 quisque
478 3565 629 3662 probet,
669 3563 1003 3665 commendetque,
1049 3569 1147 3665 prout

119 3684 226 3756 etiam
250 3677 282 3753 S·
311 3674 557 3775 Hieronymus
584 3673 795 3772 Nepotiauo
821 3675 885 3752 luo
908 3676 1009 3776 epist.
1037 3675 1064 3754 l.
1087 3674 1146 3753 sua·
1198 3737 1200 3751 ,

125 3793 205 3879 det,
237 3803 278 3868 ut
296 3802 448 3867 ornatus
474 3812 515 3865 ac
533 3786 653 3864 sordes
671 3787 872 3887 parimodo
893 3787 1035 3890 fugiat:
1062 3787 1143 3885 qaia,
1197 3808 1200 3856 r

1052 3897 1097 3979 al.
1163 3927 1166 3933 .

159 4062 196 4144 a>
215 4048 278 4125 lit.
306 4042 359 4121 ln.
383 4046 514 4121 xxvrt.
