2400 4478
132 218 219 296 240
252 288 257 299 ‚
312 274 316 281 .
500 195 641 292 Eccledu
670 152 830 278 militaus

133 420 156 456 „
185 361 379 441 fluviorum
412 380 522 463 aquae·
539 361 699 440 humano
729 380 858 439 cruore
887 373 1036 442 mutatae
1063 361 1165 444 sonti

133 533 154 568 ,2
179 474 328 554 -Obseffa
360 475 608 587 Antiochiam
639 477 742 550 urbes
772 462 936 572 reliqua,
977 499 1071 575 quas
1099 477 1165 556 Ha·

132 643 155 683 „
183 587 245 671 lis,
292 585 464 684 Cydnus,
512 584 697 674 Orontes,
717 584 1002 685 ,Euphratesque
1025 605 1163 686 praeter·

133 755 155 791 „
184 690 310 771 fluunt.¹
391 695 508 772 Tradii
545 721 677 794 greges
717 701 964 794 captivorum:
1022 701 1162 790 Arabia,

134 865 156 904 „
186 807 381 892 Phoenice,
403 805 598 894 Palaestina,
617 807 820 927 AEgyptus,
852 812 988 884 timore
1011 817 1160 911 captivae.

132 927 155 1013 '‚,
184 913 272 995 Non
291 918 377 994 mihi
395 916 419 993 fi
439 920 571 1017 linguae
591 936 735 1021 centum
755 918 821 996 fint
837 943 976 1020 oraque
995 939 1157 1013 centum,

114 1026 158 1124 ',',
182 1030 417 1118 ferrea'vox,
449 1037 569 1107 omnia
595 1050 787 1130 poenarum
812 1050 1029 1132 percurrere
1052 1040 1156 1113 nonai·

132 1201 154 1236 ‚,
184 1166 229 1218 na
254 1140 424 1241 pofflm„.
484 1141 646 1241 Ingentia
665 1141 745 1218 sunt
767 1143 861 1230 haec',
909 1143 969 1219 sed
1002 1171 1104 1244 parva
1123 1152 1155 1226 in

130 1254 404 1356 'comparatione
434 1278 561 1332 eorum
595 1255 795 1338 malorum,
826 1277 867 1330 ac
896 1256 1150 1347 calamitatum,

133 1369 262 1467 quibus
289 1369 480 1465 imperium
509 1364 714 1443 Romanum
741 1359 907 1444 affedum
941 1386 1054 1468 atque
1079 1396 1152 1449 cun·

133 1476 262 1555 fediuin
292 1479 339 1552 est
370 1477 432 1553 iub
456 1479 657 1554 'christianis
690 1480 993 1576 imperatoribusa
1040 1487 1151 1582 quint

133 1592 247 1666 modo
271 1587 470 1687 singillatim
493 1592 790 1676 memoravimus,
822 1594 858 1664 in
876 1595 1028 1688 gremio
1047 1591 1150 1673 Recte·

133 1701 187 1778 fiae
211 1701 404 1776 indebitam
427 1699 489 1776 fibi
511 1702 603 1788 haud
633 1721 712 1777 raro
731 1705 822 1778 circu
848 1703 942 1777 'sacra
981 1707 1149 1784 christiana

132 1827 339 1910 arrogantes
372 1814 606 1910 potestatem,
647 1813 682 1887 in
712 1812 838 1889 viscera
866 1815 967 1900 eius,
1011 1833 1073 1896 aut
1092 1822 1148 1895 ‘Ina-

133 1926 327 2025 prudentes
352 1946 476 1999 manus
499 1927 725 2029 iniecerunt,-
747 1914 808 2000 aut
831 1927 933 2023 impii
955 1927 1147 2024 saevietnnt;

132 2032 275 2113 vicifflnr
300 2028 487 2121 barbaros,
520 2054 610 2133 quos
631 2050 825 2113 evocarunt
840 2032 925 2134 ipsi,
950 2043 1149 2119 conduditi-

132 2165 174 2223 os
203 2144 463 2230 mititesffaui
485 2146 793 2244 paulatimiiidem
814 2149 993 2236 obnoxii,
1028 2157 1147 2255 experti

132 2258 300 2356 deinceps
323 2257 402 2333 sunt
424 2255 736 2335 truculentiffnnus
760 2258 876 2334 hostes
898 2261 944 2334 ad
968 2271 1147 2361 perniciem

131 2391 172 2448 ac
203 2372 384 2444 interitum
417 2372 578 2467 imperii,
624 2365 855 2446 occidentalis
890 2375 1079 2469 primum,
1120 2391 1148 2452 ut

133 2492 222 2558 mox
252 2481 473 2566 videbimus,
513 2483 650 2580 etpost
677 2480 771 2556 mille
797 2502 931 2567 annos,
981 2504 1022 2564 nt
1049 2492 1084 2564 in
1102 2489 1147 2563 de.

132 2593 234 2672 cursu
265 2594 428 2670 tradatur
458 2594 615 2694 patebit,
655 2596 760 2668 etiam
790 2594 1001 2685 orientaliS,
1050 2599 1147 2676 adhuc

122 2710 167 2782 >in
191 2711 290 2784 ruina
312 2708 479 2793 iacentis,
524 2703 735 2782 occidentali
758 2726 821 2805 per
846 2704 1008 2787 Francos
1037 2714 1148 2789 restau-

129 2836 219 2896 rato.
294 2896 297 2904 ,

140 3053 145 3061 .
213 2974 322 3056 Erant
352 2976 419 3054 iarn
442 2978 476 3053 in
499 2972 576 3056 aula
603 2972 829 3057 Constantini
851 2976 1015 3071 barbari,
1050 3007 1146 3062 mere·

128 3091 306 3190 baturque
318 3093 497 3186 exercitus
515 3090 559 3166 ad
577 3093 693 3165 minus
714 3090 857 3164 dimidia
873 3115 963 3188 pars.
985 3093 1046 3174 Eis
1064 3098 1146 3176 Con·

129 3205 272 3281 stantius
296 3205 396 3287 auxit
420 3203 588 3299 stipendia
622 3216 699 3277 tunt
730 3202 778 3276 ob
806 3203 989 3281 intestinas
1012 3211 1144 3294 turbas,

129 3340 211 3414 cum
236 3315 285 3397 ob
315 3311 429 3388 Persas
456 3316 492 3388 in
519 3306 672 3390 Oriente
694 3306 893 3412 superiores
916 3320 1021 3416 (quo
1055 3322 1145 3422 peni.
1191 3312 1192 3405 f

129 3442 191 3505 net
216 3425 250 3502 S.
267 3423 384 3500 lacobi
406 3422 516 3501 Nisib.
538 3422 710 3499 fernande
730 3423 812 3498 bedu
837 3425 875 3512 a)
901 3433 1075 3510 notabilis
1097 3431 1144 3510 ad·
1190 3458 1192 3468 ⁴

128 3526 310 3622 modain)
341 3536 582 3637 irruentesque
603 3537 762 3636 undique
780 3532 942 3615 barbaras
964 3543 1052 3621 aiias
1071 3568 1145 3643 geu·
1190 3535 1192 3546 '

127 3671 179 3732 tes
204 3638 388 3733 ethnicas,
419 3646 538 3749 quales
563 3649 667 3723 etiam
699 3647 841 3733 Franci,
874 3643 1021 3743 Mauri,
1056 3650 1144 3735 Alani

128 3783 165 3857 et
187 3760 311 3846 Hunni
333 3779 463 3865 erant.¹
502 3759 602 3863 Dum
621 3759 802 3839 Salvianus
827 3757 1013 3848 b)on1nes
1036 3769 1144 3846 barba·
1189 3782 1192 3854 t

319 3948 321 3953 ,
1042 3901 1101 3960 ros
1187 3889 1192 3968 ἶ

168 4049 201 4129 a)
222 4041 260 4110 r.
277 4003 408 4111 nunt.
431 4038 481 4107 ur.
496 4056 527 4122 p.
543 4035 690 4136 orarunt.
756 4042 789 4125 a)
804 4034 854 4106 tn.
870 4037 921 4111 rt.
943 4062 971 4120 e
1000 4062 1052 4130 13,
