2400 4478
123 205 209 283 224
484 177 630 269 &eleusi
654 177 818 261 militurr

123 370 189 427 ue:
220 400 243 442 „
257 345 355 428 Num
373 347 524 447 (inquit
532 342 572 434 u)
581 345 628 422 de
649 342 827 423 Romanis
849 334 1051 430 hereticis,
1071 360 1164 446 quo·

122 516 146 555 „
174 484 257 538 rum
273 465 464 537 innumera
484 457 684 535 multitudo
696 456 772 542 est,
788 454 878 532 nihil
896 455 1079 557 (licinius,
1104 481 1164 536 ne.

121 628 144 666 „
174 597 247 674 que
267 587 329 649 aur
348 568 521 648 Romanis
541 594 615 645 cos.
627 584 690 645 aut
711 570 868 645 barbaris
888 590 1159 667 comparamus:

120 739 145 780 ,‚
173 687 258 785 quia
289 701 324 759 er
365 681 574 759 infidelitate
607 680 781 759 Romanis
818 677 900 756 lunt
932 678 1158 772 deteriores.

121 850 144 890 „
173 813 210 872 et
232 795 397 872 loeditste
426 800 505 872 virae
532 794 686 869 barbaris
712 795 903 891 turpiores.
985 790 1061 869 Sed
1090 792 1162 873 hoc

120 960 145 1001 ,
173 931 344 984 necnon
372 905 489 983 solum
514 928 591 980 uon
610 909 731 1009 iuuat.
760 903 947 981 sedetiam
976 901 1085 1004 supra
1110 906 1157 993 id,

122 1072 146 1113 „
161 1019 278 1121 ,quod
300 1044 320 1095 u
346 1020 456 1096 nobis
483 1015 564 1116 iplir
588 1040 800 1115 gravamur,
830 1030 980 1114 gravat:
1013 1020 1101 1117 quia
1124 1032 1159 1096 et

122 1186 147 1225 „
175 1134 221 1218 ii,
265 1153 363 1231 quos
397 1131 482 1207 tales
515 1129 704 1205 causamur-
734 1124 824 1212 effe,
872 1124 1034 1204 Romani
1069 1129 1157 1208 sunt.

121 1293 145 1336 ,‚
175 1241 282 1322 Unde
302 1241 503 1340 intelligere
523 1238 731 1342 poliumus,
762 1238 852 1339 quid
875 1253 1061 1318 mereatur
1081 1266 1157 1319 om·

122 1410 146 1450 „
174 1358 231 1433 nis
254 1355 480 1453 respublica,
527 1374 614 1430 cum
646 1376 727 1450 pars
752 1348 1011 1428 Romanorum
1045 1352 1155 1431 offen·

122 1522 146 1560 „
175 1467 235 1545 dat
256 1466 378 1547 Deum
407 1469 500 1552 uita,
548 1488 630 1565 pars
655 1481 692 1540 et
717 1462 925 1540 infidelitate
960 1467 1096 1563 puriter
1122 1480 1156 1545 et

121 1634 146 1673 „
175 1582 256 1656 vita.
331 1578 438 1655 Salvo
474 1600 539 1663 eu,
583 1575 821 1678 quodetiam
854 1573 936 1675 iplae
967 1577 1153 1676 quondam

122 1742 146 1787 2
174 1690 320 1768 hereses
342 1693 579 1767 barbarorum
606 1690 650 1764 de
675 1684 831 1765 Romani
853 1687 1051 1786 magisterii
1081 1713 1154 1791 pru·

122 1854 146 1896 „
176 1807 283 1879 vitate
297 1802 499 1885 fluxerunt.
530 1824 571 1878 ac
596 1801 747 1900 perinde
768 1802 874 1875 etiam
896 1798 972 1877 huc
993 1802 1152 1881 nostrum

121 1968 145 2006 ‚,
171 1915 243 2001 cll.
274 1911 376 2013 quod
395 1911 523 2014 populi
550 1912 785 1990 barbarorum
813 1911 972 1990 heretici
992 1910 1066 1991 effe
1085 1936 1154 1994 οω-

122 2079 147 2118 ,,
177 2041 352 2126 peruris„

125 2182 1151 2256 W

376 2298 626 2449 Cirur
682 2365 904 2448 XXVH.

245 2522 490 2611 Idololatriam
519 2530 631 2608 adbuc
650 2527 852 2628 gliscentem
881 2522 1050 2612 Iulianus

292 2641 445 2742 upuflulu
473 2655 614 2722 conatus
634 2636 823 2733 restituere.
845 2640 919 2740 sac.
936 2632 1009 2723 W.

122 2763 248 2943 Haec
276 2802 458 2887 Salvianus
485 2796 582 2885 libro
611 2794 658 2883 V.
687 2803 732 2884 de
763 2805 1035 2906 gubernatione
1062 2796 1143 2898 Del,

224 2933 260 2994 et
279 2919 396 3020 pallini
418 2924 524 2997 etism
546 2914 712 3020 deinceps
728 2918 813 2996 libb.
833 2916 898 2997 Vl.
918 2931 956 2995 et
972 2917 1058 3002 vll,
1078 2942 1146 3020 per·

123 3018 304 3128 sequitur3
334 3054 491 3132 quorum
517 3034 637 3132 priore
655 3047 773 3107 tamen
798 3033 957 3106 maxime
980 3033 1018 3108 in
1042 3020 1145 3109 idolo·

122 3132 259 3217 latriam
288 3142 337 3222 sui
361 3144 478 3222 adhuc
503 3145 677 3243 temporis
701 3143 794 3220 circa
817 3142 980 3220 medium
1011 3133 1079 3231 sec.
1105 3130 1143 3219 V.

122 3247 323 3338 invehitur.
353 3256 496 3357 eiusque
514 3257 680 3356 reliquias
700 3257 737 3330 in
759 3253 870 3341 ludis,
895 3257 932 3332 in
952 3275 1051 3354 quos
1067 3277 1144 3356 geu-

122 3353 240 3439 tilisrni
270 3363 445 3466 spurcitiis
480 3369 745 3446 contaminatos
776 3359 898 3466 pullim
933 3368 1145 3448 invehuntur

83 3564 86 3569 ¹
122 3467 181 3552 SS.
210 3472 348 3554 Patres:
380 3502 447 3554 nec
475 3502 592 3578 genus
621 3478 693 3554 hoc
713 3477 870 3556 hostiurn
897 3477 1072 3581 deinceps
1092 3501 1145 3580 pe·

89 3590 93 3597 ’
124 3589 220 3663 nitus
247 3585 456 3677 debellavit.
485 3609 521 3668 et
552 3592 681 3667 deiecit
711 3589 865 3667 militans
893 3596 931 3667 in
956 3597 1063 3671 terris
1087 3587 1145 3670 Ec·

121 3691 232 3777 clesra.
290 3698 473 3793 „Colitur
492 3724 668 3802 uanique,
684 3717 719 3777 et
738 3701 1028 3800 honoratur(ait
1044 3730 1075 3786 c
1095 3723 1145 3780 Νι

168 3808 374 3904 Salvianus)
390 3812 555 3896 Minerva
571 3820 608 3895 in
623 3811 837 3916 gymnalils‚
856 3811 986 3896 Venus
1000 3819 1044 3908 iu
1060 3817 1147 3896 thee·

974 3977 999 4025 ,3
1016 3933 1101 4019 tris.

169 4021 279 4108 ullib.
303 4024 338 4097 V.
366 4050 392 4097 c.
418 4043 446 4116 ᾗ,
