2400 4478
99 145 106 152 μ
216 235 365 308 regnum
395 207 575 302 christiin
592 212 711 290 terris.
732 235 759 289 c.
774 209 956 291 XXVIII.
1016 235 1096 316 247

61 423 86 469 ,·,
115 373 221 460 sciat,
237 402 240 406 ⁴
255 399 318 450 eos
337 400 376 450 ea
393 373 532 461 facere,
557 380 636 477 qiiae
658 372 842 462 nesciant,
874 371 1015 453 nostros
1030 366 1092 456 aul

61 544 85 583 „
117 503 190 564 tem
217 487 425 584 negligere,
471 487 571 588 quod
601 488 771 575 credunt,
803 512 844 564 ac
865 513 927 587 per
951 487 1024 567 hoc
1052 488 1092 564 is·

62 657 87 692 ‚,
117 601 175 675 los
205 600 456 694 magistrorum
487 623 634 698 peccare
661 603 782 686 viti0,
830 603 971 678 nostros
998 603 1093 695 su03
1128 688 1131 692 A

65 768 88 803 „
117 712 200 787 illos
220 713 452 809 IgnoranteS,
486 713 627 786 nostros
655 710 823 802 scientes;
867 713 948 789 illos
978 714 1023 790 id
1043 714 1093 790 sa·

62 879 85 919 „
114 847 215 915 cere3
250 824 350 924 quod
371 838 498 923 potent
519 823 675 909 redum,
710 823 849 901 nostros
866 825 967 924 quod
988 826 1097 904 sciant

61 991 85 1028 „
115 935 182 1012 esse
206 935 420 1033 perversum.
479 933 522 1012 Et
541 936 627 1011 ideo
654 936 747 1012 iusto
771 937 906 1013 iudicio
926 937 1009 1013 illos
1027 961 1095 1037 pa«

59 1103 85 1139 ‚,
115 1052 237 1123 tientie
259 1046 329 1124 Dei
349 1047 515 1132 sustinet,
557 1065 592 1122 et
614 1072 679 1123 nos
700 1046 1005 1133 animadversrone
1036 1073 1095 1127 ca·

59 1215 85 1251 ‚,
118 1163 244 1256 stiget:
274 1163 354 1258 quia
381 1162 517 1257 ignosci
544 1159 768 1258 aliquatenus
794 1162 1004 1255 ignorantie
1026 1186 1116 1261 por

58 1325 85 1364 ‚,
116 1273 200 1356 test,
223 1287 428 1348 contemtus
447 1274 583 1346 veniam
603 1294 677 1346 non
701 1286 868 1346 meretur.
922 1273 980 1348 Sic
997 1275 1093 1349 enim

27 1438 37 1449 -
57 1439 85 1475 ‚,
117 1385 286 1480 scriptum
306 1384 373 1460 est:
393 1440 414 1475 ‚,
457 1385 611 1466 Servus,
654 1384 714 1476 qui
736 1380 843 1478 nescit
862 1370 1093 1472 ,voluntatem

60 1494 216 1569 Domini
238 1493 315 1585 sai,
362 1507 394 1568 et
410 1499 479 1567 aon'
493 1490 589 1590 facit
617 1514 719 1581 eam3
757 1488 941 1588 vapulabit
960 1499 1094 1590 paucis.

59 1603 142 1706 Qui
166 1618 281 1677 autem
292 1604 364 1702 scit
381 1629 480 1692 eam,
519 1615 552 1679 et
575 1600 644 1677 aaa
664 1601 882 1705 faciteam,
912 1605 1096 1703 vapulabit
1173 1635 1175 1640 ·

63 1713 198 1794 raaltis.
256 1773 277 1808 „
307 1716 396 1792 Non
416 1741 506 1814 ergo
529 1718 722 1802 miremur,
751 1717 855 1817 qaod
883 1717 1001 1819 arastis
1028 1729 1095 1795 cae·

65 1886 89 1924 „
119 1828 260 1912 dimur,
305 1831 387 1928 quia
430 1853 509 1908 non
549 1829 753 1914 inferentia,
800 1828 858 1904 sed
900 1831 1096 1925 rebel-lione

63 1998 89 2035 ‚,
120 1964 319 2038 peccamus.
337 1996 359 2031 ‚,
417 1938 823 2041 Deincepssquantum
852 1936 1032 2017 advitam
1059 1957 1097 2020 et
1140 2035 1143 2042 ¹
1178 2023 1186 2029 ,

64 2052 374 2130 conversationem
394 2056 570 2151 pertinet,
603 2075 667 2153 per
694 2067 816 2135 totum
835 2052 933 2128 illum
962 2054 1093 2151 librum

66 2163 346 2240 dissertationem
373 2165 622 2250 instituturus,
646 2161 745 2267 Quid
759 2161 802 2253 els
823 2221 833 2250 ,
856 2165 1031 2251 orditur,
1057 2156 1096 2247 ia

65 2270 140 2375 qua'
151 2278 199 2350 eis
214 2286 276 2349 aut
287 2290 488 2372 praeponere
505 2298 583 2360 nas,
603 2279 783 2353 autetiam
800 2291 1005 2372 comparare
1019 2274 1098 2371 pos-
1147 2354 1149 2361 ,

10 2467 15 2472 ,
52 2387 189 2484 fimus?
208 2387 320 2487 idque
343 2412 405 2492 per
430 2387 564 2483 singula
582 2391 696 2485 capita
723 2388 889 2487 deinceps
907 2386 1095 2466 discrimen

65 2501 235 2585 ostendit,
248 2516 355 2598 atque
372 2501 468 2603 epist.
483 2498 549 2576 IX.
565 2500 607 2574 ad
619 2499 803 2576 Salonium
818 2499 898 2600 epis.
914 2502 971 2574 cui
984 2499 1095 2575 libros

64 2613 112 2688 de
136 2614 286 2709 gubern.
316 2609 386 2687 Dei
417 2609 605 2709 inscripsit,
644 2609 688 2684 de
707 2609 773 2684 iliis
801 2611 948 2717 eandem
980 2610 1096 2686 reddit

63 2727 269 2805 rationem,
297 2738 331 2797 et
360 2723 483 2820 pandit
510 2719 732 2796 occasionem
751 2723 895 2819 operis,
927 2718 1100 2816 mtrltipli·

64 2859 120 2913 ces
164 2832 433 2924 christianarum
466 2847 553 2928 pane
602 2834 758 2909 cranium
800 2828 965 2916 morbos,
995 2843 1099 2927 atque

66 2946 234 3024 acuaris
256 2949 294 3019 ia
324 2943 464 3023 Eatea
490 2941 632 3040 pafitis,
682 2966 750 3016 nan
767 2941 885 3042 salam
914 2966 983 3017 nan
1009 2941 1098 3039 pasl·

65 3061 151 3158 pani
171 3059 288 3131 amaia
311 3057 404 3142 Dea,
427 3054 492 3150 fed
507 3071 614 3152 prope
637 3056 755 3131 cantia
773 3056 939 3156 propani.
997 3055 1097 3134 Nam

66 3182 103 3247 et
128 3167 251 3257 ebrias
277 3172 315 3242 in
351 3166 576 3245 ebrietatisaut
620 3167 735 3242 Deum
767 3165 934 3264 spernere
975 3167 1099 3244 vidan-

65 3295 160 3368 tur,
192 3293 226 3357 et
253 3281 368 3376 capidi
397 3281 436 3354 ia
459 3280 677 3376 cupiditate,
719 3289 752 3354 at
779 3279 949 3375 impudici
975 3282 1013 3355 in
1052 3278 1097 3354 Ii-

65 3391 203 3480 hidiae,
235 3403 268 3467 et
291 3393 427 3471 cruenti
451 3394 488 3465 ia
512 3391 742 3476 crudelitate,
786 3393 879 3468 etin
903 3391 957 3467 Iris
982 3412 1097 3484 aranas

61 3523 167 3606 penes
191 3528 305 3580 omnes
325 3506 393 3583 &c
451 3503 509 3583 Sic
530 3507 565 3578 in
580 3504 638 3590 his
662 3504 809 3605 aliisque
829 3506 998 3579 omnibus
1020 3492 1098 3578 barss
1145 3496 1153 3508 ‘

67 3622 185 3695 beros,
206 3641 288 3692 com
309 3615 480 3695 Ronranss
515 3616 739 3693 contendens
765 3671 783 3720 ,h
819 3615 887 3694 hos
910 3615 979 3690 illis
1001 3614 1099 3690 dete·

67 3733 184 3809 riores
209 3729 382 3809 describit.
478 3779 480 3782 >
527 3722 530 3726 ⁵
605 3809 612 3822 ,
801 3750 802 3753 ’
