2400 4478
80 217 170 323 han
238 238 244 251 ·
419 205 584 308 'Bcchlin
603 208 770 297 'militant

90 430 118 480 ,
144 378 201 458 sut
228 372 427 458 aitiffimnna
455 362 665 455 Dominam
692 372 884 476 loquetur,
913 384 953 452 et
977 368 1109 453 [andan

90 546 118 593 0
145 488 296 573 altiiiinni
324 488 394 569 Dei
423 488 657 575 inveterabit,
704 502 742 567 et
768 484 945 585 cogitabit
975 500 1108 564 mutate

90 656 117 699 „
144 616 307 700 tempora
328 611 363 675 et
389 598 529 699 legem:
558 612 594 677 et
621 597 827 697 dabitatin
851 618 961 675 manu
989 598 1107 691 eins„

89 709 237 805 Libello
266 711 441 810 proximo
469 708 656 810 iuscripta:
700 704 933 785 Marianam
963 702 1027 806 ess'a
1047 720 1107 804 pra

90 812 186 909 Iili'c
208 820 298 905 Dei,
329 817 511 898 novifflma
529 826 634 898 etiam
658 844 704 897 ex
727 815 896 921 apostolo
917 820 1109 918 ingeminat

92 947 259 1032 tempora
278 931 365 1011 Tim
393 930 454 1010 111.
470 948 507 1008 et
527 929 591 1009 lV.
621 987 644 1024 „
659 928 720 1011 Dc
743 946 779 1010 te
798 926 966 1033 (inquit)
990 953 1032 1009 ac
1049 931 1106 1006 tibi

89 1101 117 1144 „
145 1040 369 1122 dileiiiffimia
392 1040 624 1143 comperditis
646 1044 716 1120 tuis
738 1043 877 1144 ipitints
896 1057 1018 1120 autem
1040 1063 1106 1119 nta-

92 1211 117 1252 „
145 1155 268 1234 niftiie
288 1154 395 1242 dicit,
423 1156 506 1255 quia
530 1156 566 1230 in
593 1150 784 1231 novistimis
808 1153 1034 1254 temporibus
1060 1175 1106 1228 rc-

91 1322 117 1363 „
145 1267 274 1346 cedent
300 1265 444 1368 quidam
472 1289 492 1343 a
517 1263 587 1342 fide
606 1264 674 1341 &c
690 1319 712 1358 „
770 1260 858 1345 Haec
882 1286 970 1342 veto
998 1265 1104 1342 nimio

91 1380 178 1465 zelo
201 1380 366 1477 abreptus
394 1374 521 1461 annot.
546 1377 652 1460 etiam
680 1374 869 1459 schismatis
887 1374 933 1457 dc
955 1373 1022 1459 [uc
1045 1397 1104 1453 no-

89 1493 193 1575 mine
219 1490 312 1572 diiii.

162 1649 197 1730 S.
230 1648 430 1749 Gregorius
452 1647 627 1728 Nazianz.
657 1657 745 1726 orat
776 1643 842 1725 lv,
863 1660 902 1726 et
920 1644 969 1726 V.
996 1646 1035 1723 in
1052 1645 1105 1723 It-

92 1759 230 1843 tiniam
269 1755 408 1857 apellat.
447 1764 483 1837 in
521 1760 627 1840 huius
665 1761 805 1861 tyranni
843 1761 1106 1859 comparatione

93 1897 224 1951 omnes
244 1871 456 1971 eloquentia
479 1873 570 1949 vires
589 1871 729 1970 colligit
746 1867 785 1960 n)
813 1870 855 1946 ad
873 1869 1105 1949 excusandum

92 1980 372 2068 Constantium.
400 1982 612 2082 crimenque
634 1980 899 2078 importunitati
927 1998 1105 2079 procerem

88 2093 236 2194 fideique
251 2114 371 2168 eorum
394 2093 573 2188 pravitati
594 2089 838 2178 tribuendum,
860 2093 981 2170 edicit.
1010 2090 1105 2172 Orat

92 2200 206 2289 XXI.
237 2206 273 2280 in
299 2202 439 2280 laudem
479 2206 600 2302 magni
627 2201 800 2283 Athanasii
830 2199 868 2292 h)
893 2202 937 2280 de
969 2201 1107 2303 Grego-

90 2318 171 2402 ῐίο.
201 2316 276 2392 eius
297 2311 383 2392 loco
405 2312 646 2392 Alexandrina
667 2313 737 2392 sedi
759 2315 914 2402 intruso,
945 2314 1103 2393 locutus:

93 2478 121 2523 ‚,
145 2424 249 2530 Quin
280 2426 383 2502 etiam
405 2421 507 2520 (ait)
536 2426 759 2527 imperatoris
780 2424 1039 2526 simplicitatem
1067 2423 1102 2502 fi·

91 2589 121 2635 .
148 2540 185 2615 bi
217 2536 405 2615 conciliat:
435 2535 481 2613 fic
511 2539 605 2614 enim
632 2559 705 2636 ego
732 2535 909 2615 levitatem
939 2536 1102 2639 appello,

93 2703 120 2746 0
148 2650 315 2749 pietatem
357 2670 536 2726 venerans.
606 2646 701 2727 Nam
737 2646 760 2723 fi
799 2670 880 2725 vere
918 2646 1101 2726 dicendum

95 2810 123 2857 ,
149 2761 222 2848 est.
269 2758 388 2839 zelum
418 2759 599 2847 habebat,
656 2783 778 2838 vetum
813 2782 888 2836 non
916 2757 1101 2839 secundnm

89 2924 118 2971 0
147 2870 323 2948 scientiam
342 2926 374 2963 ‚,.
432 2868 476 2949 Et
492 2866 658 2973 posteat)
675 2870 718 2947 de
736 2869 935 2952 Constantii
961 2887 1099 2948 morte:

89 3036 117 3084 „
148 2978 216 3059 Hic
255 2985 363 3059 vitam
400 3005 485 3060 cuin
527 2997 645 3060 morte
681 2996 882 3059 commutat
929 2980 1102 3060 adverbii

92 3145 120 3188 .
148 3091 292 3191 pastoris
317 3091 551 3171 confirmator
582 3108 618 3170 et
645 3115 843 3194 patronus,
889 3093 951 3193 qui
978 3092 1101 3172 malunt

93 3255 118 3299 „
147 3201 240 3279 haud
275 3203 371 3281 malo
413 3207 537 3281 animo
579 3206 729 3304 imperio
759 3204 984 3305 praefecerat,
1026 3202 1102 3301 (ln

92 3366 119 3408 ,‚
148 3312 320 3403 lituum)
358 3330 465 3418 atque
502 3315 618 3393 inutili
653 3329 692 3393 ut
720 3315 868 3403 ferunt,
900 3314 1100 3417 poenitentia

95 3479 120 3520 „
148 3427 185 3500 in
224 3439 390 3503 extremo
434 3428 513 3503 vitae
553 3427 674 3526 spiritu
714 3426 889 3514 altitius,
935 3448 1021 3506 cuna
1057 3426 1102 3501 ni·

92 3589 119 3636 ,,
145 3538 276 3615 mirum
310 3537 359 3612 ob
389 3538 531 3616 alterius
564 3535 669 3615 seculi
702 3537 854 3616 tribunat
893 3560 1017 3640 aequus
1053 3559 1099 3613 rt·

94 3700 119 3745 ,
149 3670 229 3726 runt
247 3645 418 3726 sacrarum
448 3650 693 3750 unusquisque
731 3648 840 3727 iudex
882 3649 941 3726 eii
1025 3642 1102 3728 Tria

94 3814 118 3864 ‚
147 3760 244 3871 enini
277 3758 353 3840 hacc
374 3754 442 3842 else
471 3759 597 3848 aiunt.
656 3760 706 3838 ob
736 3784 815 3863 quae
843 3774 1014 3863 tanquam
1038 3760 1099 3838 im-

133 3977 173 4058 a)
193 3973 274 4038 Orat
299 3970 350 4038 lt·
372 3991 401 4035 n
429 3988 475 4054 n·
498 3993 528 4057 a
551 3992 604 4053 cn
683 3976 718 4053 t)
738 3994 767 4040 a
785 3993 834 4044 τι·
857 3993 886 4059 n
908 3893 1063 4059 wenc

160 4058 216 4144 J)
237 4077 266 4121 n.
290 4065 337 4124 ui
359 4073 388 4135 p
408 4073 482 4132 tu·
