2400 4478
105 256 185 339 364
311 245 314 251 ’
436 240 580 339 Ecclefio
604 241 762 324 militans
878 207 962 342 Ἀ

97 405 178 485 buit
203 405 299 488 Otto
320 405 548 507 Frisrngenfis
575 407 729 485 eiusdem
755 421 910 507 patruus
938 409 1126 515 u).qu'iirur

98 532 190 598 tuuc
227 521 392 597 abdicato
430 521 639 622 episcopatu
680 518 896 619 Friirugeufi
936 523 1126 604 Morimun.

98 631 211 718 dum,
245 635 304 710 ubi
331 634 551 709 monachum
571 632 839 711 Cistercieniem
866 637 1059 733 profeffus
1077 639 1124 715 fue

98 759 172 831 rat,
204 744 361 821 redierat.
404 744 593 830 Creditur,
616 746 651 820 id
676 745 782 820 taedio
804 744 993 826 Friderici
1011 749 1121 838 fecitte,

97 862 160 955 qui
183 879 256 929 nou
281 853 416 939 cessarit
449 881 568 933 novos
599 857 781 955 prioribus
816 868 991 940 mortuis
1019 869 1122 963 autip-
1150 864 1154 927 ἶ

96 991 162 1067 pas
185 967 392 1044 Alexandro
414 967 473 1046 lli.
515 993 623 1070 quem
659 992 786 1044 verum
826 974 1058 1067 pontificem
1080 975 1115 1074 ipit

98 1076 197 1156 Otto
234 1080 417 1179 agnoscit,
449 1103 657 1180 opponere:
705 1079 864 1157 fabulam
907 1110 1007 1164 vero
1032 1091 1117 1175 iliau.

91 1194 179 1290 ‘quis
206 1216 281 1268 non
308 1191 503 1292 explodat.
536 1193 637 1292 quod
663 1194 877 1270 Alexander
909 1197 980 1276 lli.
1016 1206 1119 1275 iamiam

97 1305 348 1381 reconciliatus
368 1305 496 1404 pedem
516 1308 722 1404 imperatori
741 1311 1025 1403 procumbenti
1033 1313 1122 1412 ¹super·

98 1415 259 1515 posuerit
277 1417 333 1492 ilia
351 1415 531 1516 psalmistae
549 1419 653 1493 verba
673 1417 915 1516 usurpando:
929 1423 1120 1524 superufpi·

95 1528 174 1605 dem
199 1541 233 1604 et
256 1520 448 1627 bodliscum
470 1525 665 1606 onrbulubis
683 1530 752 1606 &c

151 1721 238 1802 Caes.
259 1721 397 1800 Buiaeus
418 1726 452 1799 iu
471 1723 615 1802 historia
632 1721 873 1803 univerfitatis
899 1728 1121 1820 Parioenfisu

94 1835 203 1912 refert
223 1836 267 1910 ad
294 1859 348 1911 an.
374 1848 488 1924 1158·
517 1834 686 1914 Friderici
710 1836 992 1933 authenticum,
1025 1864 1061 1945 ut
1080 1871 1122 1922 ru

94 1968 152 2024 cat
165 1946 380 2046 ,rescriptum
397 1947 440 2022 ad
461 1951 563 2045 regni
584 1948 634 2024 sui
654 1946 774 2024 fideles
795 1951 958 2044 datum,
996 1975 1036 2038 ut
1050 1959 1122 2037 icho

92 2058 232 2136 lasticos
260 2058 367 2136 italos
389 2073 424 2134 et
451 2058 657 2138 Germanos
687 2060 887 2160 proposrtis
924 2075 1080 2167 praemiis
1099 2093 1124 2147 ac
1158 2071 1161 2076 ’

93 2170 289 2272 privilegiis
315 2174 350 2246 in
374 2171 430 2247 sua
456 2175 565 2268 patria
591 2175 779 2258 retineret,
820 2182 888 2275 qui
922 2205 1078 2282 peregre
1096 2181 1123 2258 ad

92 2284 309 2358 academiam
342 2281 565 2359 Parisrensem
597 2307 724 2364 eurum
762 2288 1057 2388 privilegiorum
1086 2296 1123 2394 ipe
1156 2310 1159 2315 '

92 2393 416 2494 proficiscebantur.
478 2395 529 2471 lbi
550 2399 744 2495 imperator
766 2397 798 2472 se
820 2399 904 2478 hoc
928 2407 1122 2493 beneficium

93 2506 304 2603 indulgere,
325 2529 414 2583 mox
427 2510 529 2582 initio
549 2508 654 2592 dicit,
683 2511 839 2610 maxime
850 2512 1076 2596 divinorum
1090 2529 1124 2594 oi

92 2640 158 2714 que
172 2618 363 2715 sacrorum
395 2616 510 2715 legum
530 2615 792 2718 prufefforibus.
852 2622 985 2719 Quod
1019 2654 1123 2730 nempe

90 2734 148 2821 ius
171 2734 386 2808 canonicum
417 2732 461 2807 ad
493 2736 661 2830 regimen.
685 2730 970 2816 ecclefiasticum
997 2749 1122 2828 attinet,

92 2842 190 2919 suam
223 2841 363 2920 uadum
390 2846 575 2942 propriam
602 2842 805 2919 cathedram
838 2849 877 2922 in
912 2855 1123 2932 univerfitate

91 2950 313 3032 Bononiensr
334 2954 454 3032 seculo
475 2953 559 3035 Xll.
583 2958 676 3030 inter
694 2956 805 3034 studia
830 2963 1050 3045 academica
1072 2991 1123 3042 m·

91 3068 192 3142 xime
218 3065 461 3154 efflorescens,
494 3068 580 3144 dum
605 3068 686 3166 post
705 3068 903 3157 restitutam
930 3079 981 3152 ab
1002 3080 1122 3169 ‚lroeriu

83 3178 131 3253 iu
164 3178 287 3254 eadem
323 3178 502 3256 academia
531 3176 753 3255 Bononienfi
783 3183 869 3257 iuris
906 3188 1032 3266 civilis
1059 3214 1154 3290 pro.

83 3287 298 3376 ¹feffiouem,
339 3300 420 3386 (ut
443 3290 538 3367 idem
572 3305 690 3368 narrat
716 3289 855 3369 Bulaeus
885 3297 925 3372 in
954 3301 1086 3381 differt
1104 3301 1120 3377 Ι.

92 3423 128 3501 p.
149 3413 240 3494 580.
255 3402 293 3478 de
304 3399 400 3490 statu
416 3400 656 3498 uniuerfirutis
671 3400 786 3500 Poris
803 3397 1048 3493 >Gratianus
1063 3436 1122 3491 mo
1158 3437 1160 3442 ·

93 3511 482 3596 nachusssononrenfis
504 3515 706 3591 monasterii
727 3514 785 3592 SS.
804 3515 933 3597 Felicis
953 3525 995 3602 et
1014 3527 1121 3604 Nabo-

93 3628 141 3702 ris
179 3625 257 3704 ord.
283 3623 466 3704 S.,Beued.
494 3649 628 3726 corpus
667 3626 898 3706 decreturum
924 3639 1121 3735 pontificio
1158 3680 1161 3684 ⁴

39 3747 44 3755 ’
92 3761 173 3817 rum
204 3751 240 3814 et
272 3761 455 3815 canonum
484 3737 798 3816 ecciefiaiiicorum
825 3741 997 3842 digessit,
1038 3746 1124 3852 quod.
1149 3776 1161 3841 j

92 3847 275 3951 Eugenius
297 3848 358 3928 ΙΙΙ.
380 3849 691 3952 quemadmodum
712 3848 844 3952 Pagius
863 3855 910 3935 ad
933 3857 1119 3941 Batoniuu
1153 3895 1155 3900 ·

269 4043 270 4048 r
602 4070 605 4076 .
789 4057 790 4060 Ν
1023 4000 1088 4089 ευτ’
1150 4024 1153 4031 «

133 4106 582 4192 a)rib.v11.cuson.‘e.ele
647 4119 681 4198 a.)
703 4116 739 4182 τ.
763 4115 800 4183 11.
817 4137 850 4199 p.
873 4135 948 4205 ηε.
1149 4098 1153 4107 ’
