2400 4478
135 208 220 275 uia
505 185 648 282 Ecckfiu
674 187 837 273 militant

145 410 169 452 „
197 350 521 440 honorfficenttus.
565 373 675 454 quam
708 344 754 432 ‘ut
787 355 987 455 inperator
1017 349 1178 443 Ecclesia

145 521 169 564 a
195 469 291 545 fliius
320 464 388 541 esse
418 465 585 542 dicatur-i
630 467 747 561 Quod
778 489 867 543 cum
905 468 1061 558 dicitur,
1110 472 1178 552 sina

145 630 171 674 n
198 596 346 680 peccato
371 577 520 663 dicitur,
552 601 637 654 cum
663 580 775 678 gratia
792 580 948 657 dicitur:
980 584 1178 683 imperatur

147 748 170 786 ,‚
196 695 296 767 enim
326 690 417 764 intra
443 687 658 776 Ecclesiam,
686 713 766 766 non
792 689 893 791 supra
920 688 1103 771 Eccesaam
1122 699 1176 776 est

143 859 170 897 „
199 801 323 881 Bonus
350 804 446 876 enim
479 802 675 901 imperator
699 804 826 903 quaev-it
852 802 1032 880 auxilium
1060 805 1176 888 Eccle-

141 948 168 1010 ῃ,
198 913 278 999 siae,
309 937 385 989 uon
415 912 553 989 refutat.
613 912 700 991 Haec
727 929 767 991 ut
796 912 980 991 humiliter
1005 917 1174 1011 dicimus,

142 1083 168 1120 „
197 1029 244 1102 ita
263 1025 470 1102 constanter
493 1029 721 1125 exponimus.
767 1024 838 1102 Sed
858 1027 1027 1104 incendia
1045 1031 1174 1133 aliqui,

144 1192 167 1234 ,,
196 1139 382 1236 gladium,
403 1137 692 1236 deportationem
727 1140 918 1214 minantur.
967 1138 1172 1223 Didicimuc

49 1258 55 1267 ’
140 1300 168 1350 „
193 1251 329 1330 Christi
365 1248 491 1325 servuli
529 1272 605 1326 non
641 1252 777 1327 timere.
836 1248 927 1327 Non
964 1255 1172 1335 timentibut

137 1418 166 1460 ,
194 1384 382 1463 nunquam
410 1360 461 1437 esi
490 1364 608 1459 gravis
640 1377 803 1454 terror„.

215 1522 314 1603 Cum
333 1521 455 1601 occiso
475 1520 652 1601 Gratiano
676 1515 860 1600 Maximus
883 1520 1081 1625 imperium
1099 1520 1169 1609 Oc»

142 1636 293 1716 tidentis
317 1628 517 1721 invasisset,
561 1632 622 1711 diu
654 1634 902 1734 tergiversatus
929 1637 981 1715 est
1015 1632 1168 1746 SaMar.

140 1751 240 1826 tinus
261 1743 402 1824 Turon.
438 1745 513 1823 eiua
539 1743 695 1823 mensam
725 1747 914 1835 accedere,
946 1747 1110 1830 Treviris
1132 1753 1167 1830 fi·

139 1860 198 1936 dei
223 1854 322 1933 causa
346 1870 613 1945 commoratae,
643 1848 860 1937 Priscilliano
874 1858 1051 1940 haeretteo
1070 1852 1167 1943 Goo-

139 1966 317 2048 sticorum
345 1966 587 2046 obscenitates
611 1984 803 2048 revocante
830 1995 872 2049 ac
900 1972 1087 2053 maleficiis
1114 1978 1168 2055 de·

138 2083 245 2168 dito.
285 2096 332 2157 ne
363 2081 404 2156 ‘in
432 2076 575 2181 'synodo
607 2074 859 2171 damnaretur,
923 2082 969 2161 ad
1010 2088 1165 2167 caesarem

137 2208 385 2296 provocante,
428 2208 499 2268 'nec
529 2192 732 2268 constanter
764 2194 842 2272 satis
867 2191 1008 2276 Ithacio
1042 2216 1081 2278 et
1098 2203 1164 2278 aliis

137 2307 266 2406 synodi
305 2300 573 2404 Burdegaseusis
609 2301 679 2379 sese
717 2309 1000 2405 opponentibus.
1063 2304 1163 2390 Tunc

135 2416 170 2497 S.
192 2416 399 2499 Martinus,
447 2431 488 2493 ut
519 2418 556 2492 in
581 2415 725 2492 historia
754 2416 846 2495 sacra
874 2410 914 2507 a)
936 2440 1015 2498 rem
1054 2438 1163 2502 narrat

134 2523 235 2630 Suip.
268 2528 444 2616 Severus,
497 2583 519 2620 ‚‚
549 2545 625 2605 uon
657 2524 835 2606 desinebat
862 2533 1053 2632 increpare
1076 2530 1161 2615 teta-

132 2630 157 2737 „
181 2639 302 2730 cium.
336 2655 382 2719 ut
401 2640 445 2716 ab
462 2639 687 2718 accusatione
706 2638 911 2730 defisteret,
958 2642 1161 2728 Maximum

130 2811 154 2848 „
178 2779 303 2839 orare,
352 2764 394 2830 ut
412 2752 584 2850 sanguine
615 2751 810 2829 infelicium
840 2753 1061 2849 abstineret,
1091 2760 1159 2840 satit

127 2923 154 2960 „
184 2868 359 2965 superque
378 2854 554 2950 sufficere,
587 2878 627 2941 ut
650 2864 837 2965 episcopali
866 2865 1042 2948 sententia
1059 2872 1157 2951 hen

117 3012 153 3071 ·„
182 2981 243 3055 tici
270 2976 417 3052 iudicati
442 2972 595 3052 ecetefin
623 2975 866 3073 pellerentur:
911 2982 1155 3072 novumesst,

129 3145 153 3183 ,
182 3087 446 3169 etinauditum
469 3087 592 3176 nesae,
623 3102 665 3166 ut
696 3088 831 3164 causam
861 3083 1025 3171 Ecctefiae
1056 3097 1157 3175 iudex

127 3259 151 3295 „
182 3195 286 3278 seculi
320 3199 540 3290 iudicaret„.
599 3192 809 3279 lntersettus
835 3200 885 3278 est
919 3214 1011 3293 388.
1049 3203 1155 3287 Maxi·

128 3335 212 3390 mus
241 3315 278 3386 in
309 3307 773 3412 praelioaVaientiniano,
814 3328 891 3389 non
925 3314 1037 3395 semel
1069 3322 1155 3422 prim

127 3423 278 3503 devicto
337 3420 511 3524 Cumque
541 3427 670 3500 iterato
702 3425 746 3500 ab
774 3422 960 3502 infidiante
991 3427 1153 3509 Maximo

124 3534 340 3634 fugiendum
363 3529 447 3610 esset
475 3530 757 3620 Valentiniano,
798 3535 874 3612 haec
893 3535 956 3613 sibi
979 3542 1074 3619 mala
1096 3543 1154 3623 ob·

124 3653 247 3724 venire
270 3650 319 3721 oo
339 3661 603 3743 propugnatum
631 3646 773 3722 haeresin
792 3649 986 3741 Arianam,
1018 3656 1152 3733 divexa·

122 3776 270 3863 tamque
304 3756 495 3838 Ecclesiam
516 3812 547 3849 ,‚
566 3777 650 3838 eum
670 3765 905 3841 commonuit
929 3760 1152 3847 Theodosius

988 3877 1105 3959 Thes

159 4047 193 4124 a)
219 4043 267 4108 lib.
287 4041 321 4108 ΙΙ.
346 4063 373 4106 c.
399 4063 445 4120 5⁰·
