2400 4478
175 242 323 318 regnum
350 216 475 310 christi
499 219 538 297 in
566 186 675 298 terris
703 239 730 298 c.
761 168 907 300 XXIX
993 241 1069 317 253

24 444 68 480 .„
99 383 418 485 praesumtionem,
443 381 568 459 iudicis
586 381 655 461 Dei
677 383 863 484 obliquam
882 382 1080 463 misericor-

9 570 11 575 ,
42 555 68 591 „
98 499 221 579 diam,
254 499 298 568 ita
330 498 507 569 continuo
536 512 684 594 propter
713 500 879 573 vivorum
912 513 1101 573 mortum

43 631 253 704 „rumque
294 605 492 680 sanilorom
538 609 630 703 piam
674 608 962 684 recordationem
1006 607 1076 687 Dei

47 775 73 814 „
101 722 187 795 iram
211 714 345 815 pallara
373 741 446 791 non
473 717 635 816 plenam,
667 715 802 793 fiforte
826 720 971 796 confusa
996 744 1077 819 poe·

48 867 73 925 ·,‚
103 835 231 923 niteat,
262 844 296 903 et
319 853 381 928 per
402 832 657 925 experientiam
681 826 784 904 fidem
806 831 933 933 discat,
960 835 1004 906 ab
1024 837 1077 910 in.

45 998 71 1036 ,,
100 928 203 1019 curso
230 940 354 1016 Alarici
374 944 488 1038 regis,
519 957 554 1016 et
576 940 706 1027 hostis,
737 939 796 1016 sed
816 940 991 1020 christiani
1016 945 1078 1022 ali·

42 1096 68 1148 ,·,
98 1053 275 1153 quantulo
312 1052 353 1127 ad
385 1051 678 1157 tempnsspacio
713 1052 921 1146 differtur„.
981 1055 1077 1151 Qua

42 1168 108 1244 hic
130 1166 234 1240 dilata
256 1165 447 1250 dicuntur,
474 1164 679 1268 acciderunt
696 1164 770 1241 haec
792 1188 894 1242 nono
916 1164 990 1246 Kal.
1010 1169 1074 1247 lul.

43 1279 204 1357 eiusdem
232 1280 337 1359 anni,
370 1299 444 1379 quo
471 1279 507 1350 in
534 1299 637 1352 conc.
662 1275 829 1374 Carthag.
850 1277 893 1353 ad
916 1276 1077 1356 Honori-

10 1380 113 1469 Ἵππη
140 1393 226 1486 imp.
248 1388 389 1462 decreta
416 1387 463 1463 ell
490 1382 645 1483 legatio,
676 1388 720 1463 de
741 1412 809 1487 qua
835 1389 937 1488 supra
960 1391 1077 1471 locuti

10 1503 192 1601 „sutirum
239 1501 280 1572 ad
308 1499 542 1574 obtinendam
570 1499 852 1578 terrasiationem
877 1502 983 1600 legis,
1016 1529 1078 1581 ne-

17 1598 132 1714 -32quis
158 1607 217 1682 nisr
240 1609 344 1683 libera
368 1609 555 1686 voluntate
576 1609 768 1688 christiana
794 1611 979 1710 religionis
1002 1615 1079 1693 cul·

27 1714 130 1803 'tum
163 1721 441 1819 ampleileretur.
502 1720 624 1814 Quam
651 1722 815 1800 ethnicos
846 1725 936 1802 illios
966 1732 1078 1806 aetatis

17 1856 27 1893 ··
48 1859 122 1936 pro
148 1833 363 1936 omnimoda
389 1832 549 1934 libertate
568 1833 793 1911 conscientiae
811 1836 1006 1943 accepisse„
1029 1861 1077 1919 ex

33 1947 217 2049 ‚VZozimo
235 1944 405 2042 colligere
423 1944 534 2030 licet,
566 1945 651 2020 dum
672 1946 730 2022 lib.
752 1945 797 2022 V.
828 1949 956 2036 tradit,
985 1952 1078 2027 con·

42 2038 182 2139 e‘ettum
211 2056 346 2133 aditum
374 2055 419 2132 ad
451 2057 641 2154 dignitates
670 2070 746 2134 tum
774 2057 954 2149 forenses,
995 2080 1075 2141 tum

43 2162 274 2247 militaresab
289 2166 458 2245 Honorio
471 2169 662 2254 omnibus,
679 2184 812 2247 retenta
830 2169 886 2247 sua
901 2175 1077 2275 cuiusque

46 2282 244 2379 religione,
266 2295 372 2380 atque
392 2279 481 2356 adeo
499 2281 616 2378 legem
635 2305 690 2357 an.
709 2281 962 2372 408.18.Kal.
983 2285 1074 2365 Dec.

10 2444 14 2449 -
45 2398 292 2497 antiquatam,
312 2406 346 2466 et
366 2391 510 2491 quidem
528 2396 577 2468 ob
596 2386 818 2469 Generid'um
838 2397 1010 2492 gentilem
1032 2401 1076 2484 ab

10 2560 30 2599 =.·
44 2509 266 2607 imperatore
284 2501 490 2580 Dalmaticis
507 2503 710 2602 legionibus
733 2505 947 2605 praefectum.

91 2750 97 2763 ⁶
135 2660 245 2741 Tunc
280 2666 436 2739 maxime
471 2663 722 2762 blasphemiam
758 2664 850 2741 illam
876 2669 1082 2764 ingemino.

10 2784 36 2838 ⁵-
50 2776 138 2865 hant
155 2772 326 2874 gentiles,
359 2770 448 2855 m'ala
467 2775 542 2873 haec
561 2790 596 2850 et
622 2775 833 2852 calamitates
856 2770 997 2853 nonnisi
1029 2783 1075 2859 ab

11 2891 146 2966 ³itatis
188 2889 237 2962 ob
273 2888 485 2984 religionem
525 2885 745 2963 christianam
782 2888 866 2964 diis·
896 2889 1074 2970 immillas.

11 3050 13 3055 -
51 2992 176 3096 Quam
204 3005 255 3074 ob
280 2999 354 3072 rem
378 2992 603 3075 Vielorianus
632 3018 688 3098 ep.
723 3017 807 3075 ιιι.
845 2999 881 3077 S.
908 3000 1076 3101 Augusti·

11 3120 17 3165 ·’
47 3105 140 3190 'raum
169 3125 296 3206 rogat,
327 3106 389 3183 sibi
411 3112 597 3210 proponi,
627 3130 706 3210 quae
729 3110 773 3186 ad
795 3111 988 3191 calumnias
1011 3113 1075 3195 has
1140 3120 1146 3142 ’

20 3228 25 3237 “
49 3238 265 3325 reponeret,
308 3220 408 3320 q'uod
435 3221 579 3319 copiose
602 3221 686 3299 fecit
710 3222 743 3299 S.
761 3220 904 3301 Doilot
928 3226 1010 3304 alias
1036 3232 1075 3307 in

12 3366 27 3413 ·.
50 3336 117 3415 suis
152 3338 255 3423 eriam
278 3327 521 3410 sermonibus:
557 3353 593 3408 et
613 3328 731 3436 postea
758 3334 878 3412 absens
905 3360 958 3437 ep.
987 3360 1074 3420 122.
1169 3384 1173 3395 =

49 3450 94 3523 a'd
118 3443 370 3543 Hipponenses
395 3443 473 3520 suos
496 3449 611 3542 tangit
639 3445 731 3522 hanc
756 3467 852 3535 rem,
882 3448 1004 3552 estque
1021 3476 1076 3528 ar.

50 3572 267 3657 gumentom
300 3557 470 3630 sermonis
490 3554 531 3630 de
558 3554 657 3632 urbis
684 3559 850 3646 excidio,
897 3564 957 3639 ubi
982 3566 1075 3639 inter

49 3673 137 3750 elia:
154 3665 205 3756 ol
219 3724 240 3758 „
256 3661 442 3744 Horrenda
458 3660 547 3765 (ait)
563 3669 692 3756 nobis,
710 3675 869 3748 nuntiata
887 3673 976 3757 sunt,
994 3673 1077 3752 stra·

11 3778 308 3885 „figes-faeta,
347 3780 540 3867 incendia,
582 3785 745 3883 rapinas,
787 3782 1071 3873 interfeiiiones.

41 3941 70 3988 ,2
96 3893 388 3972 excruciationes
417 3891 620 3972 hominum.
678 3888 917 3992 Vetumelh
963 3892 1073 3974 multe

335 4063 337 4070 .
833 4056 856 4094 „
884 4003 1019 4092 audiri·

91 4102 656 4193 ·)T.v1.p.aa·3.n.3.a.oza
877 4120 880 4125 ·
