2400 4478
222 189 378 266 regnum
406 160 536 261 christi
559 165 598 243 ²⁸7²
626 164 748 244 terris.
775 186 803 244 ⁶·
832 141 960 249 Μ’
1028 183 1103 262 ¹⁰3
1152 124 1182 159 ⁴*

61 333 82 413 li
103 331 131 411 1.
163 329 254 430 Reg.
279 343 299 420 8
320 386 330 431 ,
364 354 397 420 9.
430 330 600 430 ptaeceplt
617 325 633 416 ’,
677 342 719 410 ut
742 327 910 416 israelitis·
935 330 1026 423 maie
1044 327 1127 410 fibi*

61 469 184 543 tegern
209 444 460 543 expetentibus
483 445 533 517 ob
563 440 693 519 oculos
729 458 882 542 poneret
906 445 960 521 ius
985 446 1118 540 regisp

61 562 118 654 qui
158 567 375 651 regnaturus
410 551 453 640 eli
482 553 593 652 super
632 575 697 630 eos.
757 552 874 650 Quod
904 557 1106 658 explicatur
1145 609 1181 641 .-

61 671 230 772 deinceps
261 671 314 742 ius
356 670 450 763 regis
488 690 563 740 non
610 664 725 750 solum
757 667 939 744 eiusmodi
962 667 1106 746 exceffi-

62 805 169 873 xum,
201 781 301 879 quod
326 779 374 854 ¹de
399 775 548 859 Ecclesia
566 777 625 856 lua
644 776 807 859 excludit
831 776 1019 864 Christus,
1044 784 1106 856 ve.

66 918 140 975 runt
168 895 276 979 etiem
306 889 431 991 secus,
459 913 499 965 ac
524 886 626 971 Deus
656 893 691 968 in
714 888 794 988 lege
817 888 929 968 Mofis
948 891 1107 988 praescri·

68 1004 151 1110 plu,
193 1003 345 1083 modurn
371 1007 505 1100 (quent
535 1003 594 1077 vix
620 1004 752 1098 optimi
782 1025 908 1098 regum
941 1003 1107 1083 ludaico.

70 1141 138 1195 tum
156 1110 366 1206 servarunt)
382 1111 599 1190 adamussim
616 1111 765 1194 Deuter.
780 1110 904 1191 XVII.
921 1110 1107 1193 16..cum.

72 1253 123 1330 pue
135 1224 255 1326 fuerit
275 1223 497 1314 coullitutut,
527 1245 597 1306 nou
618 1223 870 1320 multiplicabit
892 1223 955 1313 fibi
977 1249 1099 1325 equos,

74 1363 129 1421 nou
150 1341 290 1422 reducet
314 1334 477 1434 populum
507 1339 546 1414 in
579 1335 792 1433 AEgpptum,
832 1339 1006 1431 equitatus
1036 1363 1103 1414 nu.

75 1475 154 1530 tuero
174 1449 382 1550 sublevatus
409 1452 477 1529 &c
511 1447 664 1547 Quanto
691 1451 801 1544 igitur
831 1451 944 1551 magis
973 1445 1103 1531 fallunt

75 1562 157 1646 hunc
180 1580 215 1643 et
244 1563 547 1664 praedotninaturn
576 1562 619 1634 ab
647 1557 798 1636 Eccleiia
817 1555 887 1640 ¹sun
915 1561 1101 1654 exclusum

76 1677 173 1759 voluit
200 1677 365 1772 magistet
392 1670 632 1754 humilitatis?
661 1670 757 1747 Nam
784 1668 875 1774 Quis
896 1676 1015 1749 maior
1034 1673 1101 1765 esi3

77 1791 124 1882 nui
144 1787 339 1873 recumbit,
366 1809 413 1860 ou
434 1785 500 1880 qui,
514 1780 720 1870 miuillrot?
740 1782 868 1860 Nonne
890 1788 952 1881 qui
967 1808 1104 1864 recum.

75 1895 146 1985 ln?
174 1900 247 1996 Ego
267 1910 384 1976 nutem
403 1900 442 1975 iu
466 1895 578 1972 rutilio
602 1892 754 1985 uelitum
779 1897 886 1994 lum,
930 1894 1016 1984 ficut
1040 1898 1107 1997 qui

75 2011 246 2103 ninillrut.
307 2008 378 2086 Vos
399 2020 516 2086 nutem
551 2004 645 2096 ellit,
681 2011 744 2105 qui
767 2006 1000 2106 permonfillis
1029 2036 1133 2093 me..

74 2145 135 2206 tum
160 2119 469 2203 intentationibus
495 2124 591 2198 meis.
650 2117 694 2197 Et
727 2141 790 2216 ego
811 2118 954 2221 dispono
976 2123 1099 2214 vobis,

71 2233 140 2327 ficut
164 2235 332 2341 disposuit
358 2233 447 2311 milti
476 2232 586 2312 Pater
611 2255 918 2329 meusregnum,
959 2247 1000 2310 ut
1022 2237 1103 2314 edu·

71 2347 312 2431 tisernitius
330 2345 441 2443 super
471 2344 625 2443 mensum
653 2368 767 2424 meam
798 2350 837 2420 in
863 2368 973 2442 reguo
1000 2372 1103 2440 meo‚·

68 2471 98 2541 et
110 2460 259 2559 sedentis
273 2456 383 2564 fuper
404 2456 571 2544 thronos,
622 2457 812 2537 iudicantes
833 2458 1010 2534 duodecim
1034 2465 1104 2537 tri.

68 2568 123 2653 lus
150 2571 270 2672 lsrael.
296 2570 384 2654 Luc.
409 2590 485 2657 22,
512 2591 590 2658 29:
606 2567 710 2651 Hanc
736 2568 900 2647 Christus
932 2573 1105 2667 apostolis

65 2684 289 2792 sponsionem
323 2684 383 2762 dat
415 2685 583 2782 proxime
608 2698 691 2757 ante
717 2679 912 2785 pulionem
941 2683 1038 2763 suant
1067 2699 1105 2765 et

64 2816 249 2882 mortem,
289 2818 396 2896 quant
421 2797 456 2868 in
482 2793 515 2869 le
534 2794 612 2892 ipio
638 2808 712 2873 etat
739 2793 940 2871 devillurus
961 2799 998 2871 in
1021 2819 1104 2876 ctu-

63 2932 122 2997 ce,
144 2915 180 2986 in
199 2910 287 2992 statu
312 2909 598 2983 exinanitionis:
630 2905 816 3004 resurgens
833 2922 957 2992 autent,
974 2932 1105 2987 antor-

62 3025 129 3104 tuis
163 3027 200 3097 in
230 3022 319 3099 {latu
346 3018 574 3095 exultationis
610 3042 765 3114 regnum
793 3020 895 3098 luunt
924 3021 1106 3102 instituto.

61 3155 120 3214 tur
147 3158 211 3233 per
240 3130 425 3231 apostolos
451 3133 487 3205 in
514 3130 680 3207 uniuerso
715 3129 866 3210 mundo.
916 3129 975 3209 Est
1001 3133 1103 3223 hoc,

61 3247 161 3345 quod
184 3245 349 3326 Christus
377 3243 568 3342 respondet
585 3241 755 3338 apostolis
777 3248 1047 3348 quaerentibus,
1080 3246 1107 3325 st

61 3357 98 3438 in
132 3373 299 3457 tempore
331 3355 404 3438 hoc
426 3351 509 3430 eliet
534 3355 759 3447 restituturus
788 3378 944 3453 regnunt
970 3353 1104 3438 lsrael-z
1162 3405 1166 3423 .

65 3461 245 3567 Auiptetis
289 3472 462 3547 uirtutem
488 3464 772 3567 supervenientis
818 3467 975 3565 Spiritus
1000 3469 1032 3546 S.
1067 3475 1107 3546 iu

66 3601 142 3668 nus,
173 3592 207 3658 et
231 3573 332 3662 eritis
361 3578 452 3654 mihi
474 3575 568 3667 telles
589 3581 628 3657 in
649 3575 860 3678 ierusalem,
892 3593 926 3658 et
944 3585 992 3659 tu
1011 3587 1109 3661 omui

69 3689 177 3768 Iudaeu
206 3704 240 3768 et
267 3692 466 3778 Samaria,
508 3701 542 3768 et
574 3713 680 3786 tuque
713 3692 760 3766 nd
788 3691 951 3768 ultimum
992 3705 1107 3771 terra.

61 3795 108 3884 ‘lt
133 3805 234 3908 quod
262 3803 307 3882 ad
331 3815 487 3904 regnunt
517 3799 650 3882 Christi
679 3806 715 3884 in
737 3807 840 3883 tetris
859 3805 1021 3895 adtinet,
1063 3808 1109 3888 de

572 3978 669 4076 G4
