<?xml version="1.0" encoding="UTF-8"?>
<!DOCTYPE html PUBLIC "-//W3C//DTD XHTML 1.0 Transitional//EN"
    "http://www.w3.org/TR/xhtml1/DTD/xhtml1-transitional.dtd">
<html xmlns="http://www.w3.org/1999/xhtml" xml:lang="en" lang="en">
 <head>
  <title>
</title>
<meta http-equiv="Content-Type" content="text/html;charset=utf-8" />
  <meta name='ocr-system' content='tesseract 3.04.00' />
  <meta name='ocr-capabilities' content='ocr_page ocr_carea ocr_par ocr_line ocrx_word'/>
</head>
<body>
  <div class='ocr_page' id='page_1' title='image "./ecclesiamilitan00gerbgoog_0093.png"; bbox 0 0 2400 4478; ppageno 0'>
   <div class='ocr_carea' id='block_1_1' title="bbox 220 203 1098 310">
    <p class='ocr_par' dir='ltr' id='par_1_1' title="bbox 220 203 1098 310">
     <span class='ocr_line' id='line_1_1' title="bbox 220 203 1098 310; baseline 0.015 -22"><span class='ocrx_word' id='word_1_1' title='bbox 220 226 372 309; x_wconf 74' lang='lat' dir='ltr'>regnum</span> <span class='ocrx_word' id='word_1_2' title='bbox 400 203 531 301; x_wconf 76' lang='lat' dir='ltr'>Christi</span> <span class='ocrx_word' id='word_1_3' title='bbox 553 210 593 286; x_wconf 83' lang='lat' dir='ltr'>in</span> <span class='ocrx_word' id='word_1_4' title='bbox 619 211 739 288; x_wconf 70' lang='lat' dir='ltr'>terris.</span> <span class='ocrx_word' id='word_1_5' title='bbox 759 233 789 288; x_wconf 86' lang='lat' dir='ltr'>r.</span> <span class='ocrx_word' id='word_1_6' title='bbox 810 204 895 290; x_wconf 84' lang='lat' dir='ltr'>XV.</span> <span class='ocrx_word' id='word_1_7' title='bbox 1038 233 1098 310; x_wconf 75' lang='grc'>77,</span> 
     </span>
    </p>
   </div>
   <div class='ocr_carea' id='block_1_2' title="bbox 47 366 1126 1036">
    <p class='ocr_par' dir='ltr' id='par_1_2' title="bbox 47 366 1126 1036">
     <span class='ocr_line' id='line_1_2' title="bbox 47 366 1095 472; baseline 0.004 -20"><span class='ocrx_word' id='word_1_8' title='bbox 47 372 167 452; x_wconf 74' lang='lat' dir='ltr'>hestrae</span> <span class='ocrx_word' id='word_1_9' title='bbox 192 386 228 450; x_wconf 87' lang='lat' dir='ltr'>et</span> <span class='ocrx_word' id='word_1_10' title='bbox 246 375 442 450; x_wconf 87' lang='lat' dir='ltr'>meretricis</span> <span class='ocrx_word' id='word_1_11' title='bbox 471 376 508 449; x_wconf 92' lang='lat' dir='ltr'>in</span> <span class='ocrx_word' id='word_1_12' title='bbox 531 371 717 472; x_wconf 81' lang='lat' dir='ltr'>Babylone</span> <span class='ocrx_word' id='word_1_13' title='bbox 745 366 909 452; x_wconf 72' lang='lat' dir='ltr'>Romana</span> <span class='ocrx_word' id='word_1_14' title='bbox 939 373 1095 456; x_wconf 76' lang='lat' dir='ltr'>debella·</span> 
     </span>
     <span class='ocr_line' id='line_1_3' title="bbox 48 484 1126 584; baseline -0.006 -20"><span class='ocrx_word' id='word_1_15' title='bbox 48 491 137 564; x_wconf 88' lang='lat' dir='ltr'>trice</span> <span class='ocrx_word' id='word_1_16' title='bbox 157 484 382 572; x_wconf 75' lang='lat' dir='ltr'>sannorum,</span> <span class='ocrx_word' id='word_1_17' title='bbox 415 511 490 561; x_wconf 89' lang='lat' dir='ltr'>non</span> <span class='ocrx_word' id='word_1_18' title='bbox 512 499 651 562; x_wconf 80' lang='lat' dir='ltr'>attento</span> <span class='ocrx_word' id='word_1_19' title='bbox 678 509 795 584; x_wconf 81' lang='lat' dir='ltr'>regno</span> <span class='ocrx_word' id='word_1_20' title='bbox 816 486 948 566; x_wconf 87' lang='lat' dir='ltr'>Christi</span> <span class='ocrx_word' id='word_1_21' title='bbox 973 490 1102 566; x_wconf 82' lang='lat' dir='ltr'>inter.</span> <span class='ocrx_word' id='word_1_22' title='bbox 1124 537 1126 541; x_wconf 86' lang='lat'>-</span> 
     </span>
     <span class='ocr_line' id='line_1_4' title="bbox 50 593 1096 699; baseline -0.008 -23"><span class='ocrx_word' id='word_1_23' title='bbox 50 603 96 676; x_wconf 86' lang='lat' dir='ltr'>tis</span> <span class='ocrx_word' id='word_1_24' title='bbox 118 598 220 674; x_wconf 89' lang='lat' dir='ltr'>mille</span> <span class='ocrx_word' id='word_1_25' title='bbox 238 602 338 673; x_wconf 80' lang='lat' dir='ltr'>annis</span> <span class='ocrx_word' id='word_1_26' title='bbox 359 596 418 675; x_wconf 88' lang='lat' dir='ltr'>seu</span> <span class='ocrx_word' id='word_1_27' title='bbox 441 614 523 673; x_wconf 88' lang='lat' dir='ltr'>toro</span> <span class='ocrx_word' id='word_1_28' title='bbox 541 597 607 673; x_wconf 82' lang='lat' dir='ltr'>illo</span> <span class='ocrx_word' id='word_1_29' title='bbox 640 612 826 699; x_wconf 84' lang='lat' dir='ltr'>tempore,</span> <span class='ocrx_word' id='word_1_30' title='bbox 857 593 962 699; x_wconf 84' lang='lat' dir='ltr'>quod</span> <span class='ocrx_word' id='word_1_31' title='bbox 985 603 1096 677; x_wconf 85' lang='lat' dir='ltr'>inter.</span> 
     </span>
     <span class='ocr_line' id='line_1_5' title="bbox 51 707 1095 808; baseline 0.002 -20"><span class='ocrx_word' id='word_1_32' title='bbox 51 709 147 788; x_wconf 86' lang='lat' dir='ltr'>cedit</span> <span class='ocrx_word' id='word_1_33' title='bbox 164 712 259 785; x_wconf 84' lang='lat' dir='ltr'>inter</span> <span class='ocrx_word' id='word_1_34' title='bbox 275 712 459 786; x_wconf 86' lang='lat' dir='ltr'>interitum</span> <span class='ocrx_word' id='word_1_35' title='bbox 491 707 706 808; x_wconf 77' lang='lat' dir='ltr'>Babylonis,</span> <span class='ocrx_word' id='word_1_36' title='bbox 737 709 852 787; x_wconf 86' lang='lat' dir='ltr'>bestiae</span> <span class='ocrx_word' id='word_1_37' title='bbox 876 732 912 788; x_wconf 88' lang='lat' dir='ltr'>et</span> <span class='ocrx_word' id='word_1_38' title='bbox 933 715 1095 790; x_wconf 86' lang='lat' dir='ltr'>meretri·</span> 
     </span>
     <span class='ocr_line' id='line_1_6' title="bbox 53 821 1092 922; baseline 0.003 -22"><span class='ocrx_word' id='word_1_39' title='bbox 53 825 123 910; x_wconf 85' lang='lat' dir='ltr'>cis,</span> <span class='ocrx_word' id='word_1_40' title='bbox 156 843 279 922; x_wconf 84' lang='lat' dir='ltr'>quove</span> <span class='ocrx_word' id='word_1_41' title='bbox 299 821 428 920; x_wconf 80' lang='lat' dir='ltr'>ligatus</span> <span class='ocrx_word' id='word_1_42' title='bbox 457 821 506 896; x_wconf 85' lang='lat' dir='ltr'>est</span> <span class='ocrx_word' id='word_1_43' title='bbox 527 822 652 908; x_wconf 82' lang='lat' dir='ltr'>Satan,</span> <span class='ocrx_word' id='word_1_44' title='bbox 685 823 766 922; x_wconf 88' lang='lat' dir='ltr'>post</span> <span class='ocrx_word' id='word_1_45' title='bbox 790 821 888 899; x_wconf 83' lang='lat' dir='ltr'>mille</span> <span class='ocrx_word' id='word_1_46' title='bbox 918 823 1092 914; x_wconf 86' lang='lat' dir='ltr'>demum,</span> 
     </span>
     <span class='ocr_line' id='line_1_7' title="bbox 53 930 884 1036; baseline -0.002 -23"><span class='ocrx_word' id='word_1_47' title='bbox 53 933 322 1036; x_wconf 82' lang='lat' dir='ltr'>qualescunque</span> <span class='ocrx_word' id='word_1_48' title='bbox 347 930 397 1008; x_wconf 87' lang='lat' dir='ltr'>iili</span> <span class='ocrx_word' id='word_1_49' title='bbox 425 930 510 1019; x_wconf 80' lang='lat' dir='ltr'>sint,</span> <span class='ocrx_word' id='word_1_50' title='bbox 544 932 732 1011; x_wconf 84' lang='lat' dir='ltr'>solvendus</span> <span class='ocrx_word' id='word_1_51' title='bbox 758 953 884 1011; x_wconf 83' lang='lat' dir='ltr'>annor.</span> 
     </span>
    </p>
   </div>
   <div class='ocr_carea' id='block_1_3' title="bbox 106 1084 1097 1196">
    <p class='ocr_par' dir='ltr' id='par_1_3' title="bbox 106 1066 1097 1196">
     <span class='ocr_line' id='line_1_8' title="bbox 106 1084 1097 1196; baseline 0.004 -23"><span class='ocrx_word' id='word_1_52' title='bbox 106 1093 301 1194; x_wconf 87' lang='lat' dir='ltr'>Postquam</span> <span class='ocrx_word' id='word_1_53' title='bbox 333 1091 426 1170; x_wconf 82' lang='lat' dir='ltr'>ultra</span> <span class='ocrx_word' id='word_1_54' title='bbox 456 1092 614 1172; x_wconf 82' lang='lat' dir='ltr'>seculum</span> <span class='ocrx_word' id='word_1_55' title='bbox 648 1084 1097 1196; x_wconf 71' lang='lat' dir='ltr'>puduifferi&#39;totenantee</span> 
     </span>
    </p>
   </div>
   <div class='ocr_carea' id='block_1_4' title="bbox 14 1202 1143 3999">
    <p class='ocr_par' dir='ltr' id='par_1_4' title="bbox 14 1202 1143 3999">
     <span class='ocr_line' id='line_1_9' title="bbox 56 1202 1098 1310; baseline 0.004 -26"><span class='ocrx_word' id='word_1_56' title='bbox 56 1208 287 1308; x_wconf 85' lang='lat' dir='ltr'>inpudentiae</span> <span class='ocrx_word' id='word_1_57' title='bbox 314 1203 433 1293; x_wconf 85' lang='lat' dir='ltr'>illius,</span> <span class='ocrx_word' id='word_1_58' title='bbox 472 1202 650 1283; x_wconf 81' lang='lat' dir='ltr'>clafflcunr</span> <span class='ocrx_word' id='word_1_59' title='bbox 684 1210 816 1285; x_wconf 84' lang='lat' dir='ltr'>iterum</span> <span class='ocrx_word' id='word_1_60' title='bbox 839 1211 971 1285; x_wconf 79' lang='lat' dir='ltr'>cecinit</span> <span class='ocrx_word' id='word_1_61' title='bbox 995 1210 1098 1310; x_wconf 87' lang='lat' dir='ltr'>supe·</span> 
     </span>
     <span class='ocr_line' id='line_1_10' title="bbox 56 1311 1099 1420; baseline -0.004 -24"><span class='ocrx_word' id='word_1_62' title='bbox 56 1325 147 1396; x_wconf 82' lang='lat' dir='ltr'>tiore</span> <span class='ocrx_word' id='word_1_63' title='bbox 174 1318 302 1395; x_wconf 83' lang='lat' dir='ltr'>saeculo</span> <span class='ocrx_word' id='word_1_64' title='bbox 325 1315 449 1394; x_wconf 83' lang='lat' dir='ltr'>Petrus</span> <span class='ocrx_word' id='word_1_65' title='bbox 477 1311 619 1405; x_wconf 82' lang='lat' dir='ltr'>iorius,</span> <span class='ocrx_word' id='word_1_66' title='bbox 652 1336 755 1417; x_wconf 82' lang='lat' dir='ltr'>reges</span> <span class='ocrx_word' id='word_1_67' title='bbox 779 1334 815 1419; x_wconf 82' lang='lat' dir='ltr'>et</span> <span class='ocrx_word' id='word_1_68' title='bbox 835 1318 996 1420; x_wconf 75' lang='lat' dir='ltr'>populos</span> <span class='ocrx_word' id='word_1_69' title='bbox 1021 1324 1099 1397; x_wconf 67' lang='lat' dir='ltr'>anit</span> 
     </span>
     <span class='ocr_line' id='line_1_11' title="bbox 57 1428 1095 1533; baseline 0.001 -25"><span class='ocrx_word' id='word_1_70' title='bbox 57 1452 153 1508; x_wconf 82' lang='lat' dir='ltr'>mans</span> <span class='ocrx_word' id='word_1_71' title='bbox 194 1433 241 1506; x_wconf 79' lang='lat' dir='ltr'>ad</span> <span class='ocrx_word' id='word_1_72' title='bbox 277 1428 557 1529; x_wconf 82' lang='lat' dir='ltr'>persequendam</span> <span class='ocrx_word' id='word_1_73' title='bbox 587 1431 739 1506; x_wconf 59' lang='lat' dir='ltr'>‘bestiam</span> <span class='ocrx_word' id='word_1_74' title='bbox 776 1450 817 1508; x_wconf 88' lang='lat' dir='ltr'>ac</span> <span class='ocrx_word' id='word_1_75' title='bbox 844 1429 1095 1533; x_wconf 84' lang='lat' dir='ltr'>Babylonem,-</span> 
     </span>
     <span class='ocr_line' id='line_1_12' title="bbox 56 1538 1099 1641; baseline 0.002 -21"><span class='ocrx_word' id='word_1_76' title='bbox 56 1545 154 1620; x_wconf 68' lang='lat' dir='ltr'>&#39;cuios</span> <span class='ocrx_word' id='word_1_77' title='bbox 188 1546 413 1641; x_wconf 83' lang='lat' dir='ltr'>propinquus</span> <span class='ocrx_word' id='word_1_78' title='bbox 445 1539 529 1619; x_wconf 78' lang='lat' dir='ltr'>eiset</span> <span class='ocrx_word' id='word_1_79' title='bbox 548 1538 734 1630; x_wconf 82' lang='lat' dir='ltr'>interitus,</span> <span class='ocrx_word' id='word_1_80' title='bbox 770 1541 941 1620; x_wconf 77' lang='lat' dir='ltr'>Romanae</span> <span class='ocrx_word' id='word_1_81' title='bbox 968 1543 1099 1622; x_wconf 88' lang='lat' dir='ltr'>scilicet</span> 
     </span>
     <span class='ocr_line' id='line_1_13' title="bbox 57 1646 1143 1751; baseline 0 -18"><span class='ocrx_word' id='word_1_82' title='bbox 57 1651 213 1733; x_wconf 76' lang='lat' dir='ltr'>Eccrenae</span> <span class='ocrx_word' id='word_1_83' title='bbox 249 1673 289 1731; x_wconf 86' lang='lat' dir='ltr'>ac</span> <span class='ocrx_word' id='word_1_84' title='bbox 328 1646 485 1730; x_wconf 83' lang='lat' dir='ltr'>Romani</span> <span class='ocrx_word' id='word_1_85' title='bbox 530 1649 712 1751; x_wconf 84' lang='lat' dir='ltr'>pontificis</span> <span class='ocrx_word' id='word_1_86' title='bbox 750 1653 988 1743; x_wconf 69' lang='lat' dir='ltr'>Antichristi,</span> <span class='ocrx_word' id='word_1_87' title='bbox 1043 1656 1143 1735; x_wconf 76' lang='lat' dir='ltr'>uti!</span> 
     </span>
     <span class='ocr_line' id='line_1_14' title="bbox 58 1757 1100 1865; baseline 0.003 -23"><span class='ocrx_word' id='word_1_88' title='bbox 58 1769 122 1843; x_wconf 85' lang='lat' dir='ltr'>iam</span> <span class='ocrx_word' id='word_1_89' title='bbox 149 1763 251 1865; x_wconf 78' lang='lat' dir='ltr'>supro</span> <span class='ocrx_word' id='word_1_90' title='bbox 282 1784 463 1845; x_wconf 86' lang='lat' dir='ltr'>novorum</span> <span class='ocrx_word' id='word_1_91' title='bbox 491 1762 739 1843; x_wconf 72' lang='lat' dir='ltr'>chiliastarum</span> <span class='ocrx_word' id='word_1_92' title='bbox 762 1769 853 1844; x_wconf 85' lang='lat' dir='ltr'>varia</span> <span class='ocrx_word' id='word_1_93' title='bbox 876 1757 1041 1849; x_wconf 57' lang='lat' dir='ltr'>a&#39;c&#39;inter</span> <span class='ocrx_word' id='word_1_94' title='bbox 1064 1767 1100 1845; x_wconf 83' lang='lat' dir='ltr'>se</span> 
     </span>
     <span class='ocr_line' id='line_1_15' title="bbox 58 1875 1099 1979; baseline 0.002 -23"><span class='ocrx_word' id='word_1_95' title='bbox 58 1882 252 1979; x_wconf 71' lang='lat' dir='ltr'>pugnantia</span> <span class='ocrx_word' id='word_1_96' title='bbox 269 1877 457 1955; x_wconf 73' lang='lat' dir='ltr'>retulimus</span> <span class='ocrx_word' id='word_1_97' title='bbox 473 1875 664 1977; x_wconf 81' lang='lat' dir='ltr'>systemata.</span> <span class='ocrx_word' id='word_1_98' title='bbox 685 1877 784 1956; x_wconf 86' lang='lat' dir='ltr'>-Nec</span> <span class='ocrx_word' id='word_1_99' title='bbox 805 1880 921 1956; x_wconf 84' lang='lat' dir='ltr'>maior</span> <span class='ocrx_word' id='word_1_100' title='bbox 940 1880 989 1958; x_wconf 88' lang='lat' dir='ltr'>est</span> <span class='ocrx_word' id='word_1_101' title='bbox 1005 1901 1099 1958; x_wconf 58' lang='lat' dir='ltr'>con2</span> 
     </span>
     <span class='ocr_line' id='line_1_16' title="bbox 59 1989 1099 2090; baseline 0.001 -22"><span class='ocrx_word' id='word_1_102' title='bbox 59 1992 176 2068; x_wconf 83' lang='lat' dir='ltr'>cordia</span> <span class='ocrx_word' id='word_1_103' title='bbox 200 1995 293 2068; x_wconf 86' lang='lat' dir='ltr'>circa</span> <span class='ocrx_word' id='word_1_104' title='bbox 323 1989 498 2089; x_wconf 86' lang='lat' dir='ltr'>epocham</span> <span class='ocrx_word' id='word_1_105' title='bbox 531 1989 767 2068; x_wconf 85' lang='lat' dir='ltr'>Antichristici</span> <span class='ocrx_word' id='word_1_106' title='bbox 793 1993 929 2090; x_wconf 84' lang='lat' dir='ltr'>tegni,</span> <span class='ocrx_word' id='word_1_107' title='bbox 979 1992 1099 2069; x_wconf 85' lang='lat' dir='ltr'>maior</span> 
     </span>
     <span class='ocr_line' id='line_1_17' title="bbox 60 2099 1099 2202; baseline 0.003 -22"><span class='ocrx_word' id='word_1_108' title='bbox 60 2103 387 2202; x_wconf 76' lang='lat' dir='ltr'>veroimpunentia</span> <span class='ocrx_word' id='word_1_109' title='bbox 420 2123 461 2176; x_wconf 83' lang='lat' dir='ltr'>oc</span> <span class='ocrx_word' id='word_1_110' title='bbox 490 2099 733 2180; x_wconf 79' lang='lat' dir='ltr'>calumniandi</span> <span class='ocrx_word' id='word_1_111' title='bbox 757 2101 898 2192; x_wconf 84' lang='lat' dir='ltr'>iibido,</span> <span class='ocrx_word' id='word_1_112' title='bbox 928 2121 1013 2182; x_wconf 87' lang='lat' dir='ltr'>curn</span> <span class='ocrx_word' id='word_1_113' title='bbox 1039 2104 1099 2183; x_wconf 87' lang='lat' dir='ltr'>Iu·</span> 
     </span>
     <span class='ocr_line' id='line_1_18' title="bbox 61 2211 1098 2313; baseline 0.003 -22"><span class='ocrx_word' id='word_1_114' title='bbox 61 2219 127 2294; x_wconf 75' lang='lat' dir='ltr'>rius</span> <span class='ocrx_word' id='word_1_115' title='bbox 149 2216 230 2313; x_wconf 83' lang='lat' dir='ltr'>post</span> <span class='ocrx_word' id='word_1_116' title='bbox 259 2213 335 2290; x_wconf 86' lang='lat' dir='ltr'>ioh.</span> <span class='ocrx_word' id='word_1_117' title='bbox 364 2211 515 2290; x_wconf 85' lang='lat' dir='ltr'>Medum</span> <span class='ocrx_word' id='word_1_118' title='bbox 551 2232 626 2290; x_wconf 88' lang='lat' dir='ltr'>non</span> <span class='ocrx_word' id='word_1_119' title='bbox 654 2230 816 2291; x_wconf 83' lang='lat' dir='ltr'>vereatur</span> <span class='ocrx_word' id='word_1_120' title='bbox 844 2213 1098 2294; x_wconf 72' lang='lat' dir='ltr'>nsandissimo</span> 
     </span>
     <span class='ocr_line' id='line_1_19' title="bbox 62 2323 1100 2428; baseline 0.002 -26"><span class='ocrx_word' id='word_1_121' title='bbox 62 2325 229 2425; x_wconf 82' lang='lat' dir='ltr'>pontifice</span> <span class='ocrx_word' id='word_1_122' title='bbox 255 2324 380 2403; x_wconf 86' lang='lat' dir='ltr'>Leone</span> <span class='ocrx_word' id='word_1_123' title='bbox 403 2323 428 2401; x_wconf 87' lang='grc' dir='ltr'>Ι.</span> <span class='ocrx_word' id='word_1_124' title='bbox 459 2323 655 2424; x_wconf 79' lang='lat' dir='ltr'><strong>auspicium</strong></span> <span class='ocrx_word' id='word_1_125' title='bbox 685 2325 857 2424; x_wconf 65' lang='lat' dir='ltr'>sumere:</span> <span class='ocrx_word' id='word_1_126' title='bbox 886 2350 997 2428; x_wconf 88' lang='lat' dir='ltr'>quem</span> <span class='ocrx_word' id='word_1_127' title='bbox 1016 2350 1100 2405; x_wconf 80' lang='lat' dir='ltr'>onr-</span> 
     </span>
     <span class='ocr_line' id='line_1_20' title="bbox 61 2433 1099 2540; baseline 0.004 -26"><span class='ocrx_word' id='word_1_128' title='bbox 61 2442 110 2516; x_wconf 88' lang='lat' dir='ltr'>nis</span> <span class='ocrx_word' id='word_1_129' title='bbox 133 2442 284 2515; x_wconf 81' lang='lat' dir='ltr'>reverita</span> <span class='ocrx_word' id='word_1_130' title='bbox 316 2437 365 2514; x_wconf 89' lang='lat' dir='ltr'>est</span> <span class='ocrx_word' id='word_1_131' title='bbox 385 2433 554 2522; x_wconf 71' lang='lat' dir='ltr'>Ecclesia,</span> <span class='ocrx_word' id='word_1_132' title='bbox 584 2452 655 2514; x_wconf 85' lang='lat' dir='ltr'>tam</span> <span class='ocrx_word' id='word_1_133' title='bbox 685 2437 812 2538; x_wconf 87' lang='lat' dir='ltr'>infigni</span> <span class='ocrx_word' id='word_1_134' title='bbox 827 2441 940 2516; x_wconf 80' lang='lat' dir='ltr'>totius</span> <span class='ocrx_word' id='word_1_135' title='bbox 969 2439 1099 2540; x_wconf 81' lang='lat' dir='ltr'>synodi</span> 
     </span>
     <span class='ocr_line' id='line_1_21' title="bbox 62 2543 1100 2652; baseline 0.001 -24"><span class='ocrx_word' id='word_1_136' title='bbox 62 2543 360 2630; x_wconf 83' lang='lat' dir='ltr'>Chaicedonenfis</span> <span class='ocrx_word' id='word_1_137' title='bbox 386 2552 572 2649; x_wconf 85' lang='lat' dir='ltr'>praeconio</span> <span class='ocrx_word' id='word_1_138' title='bbox 603 2552 805 2638; x_wconf 79' lang='lat' dir='ltr'>ornatum,</span> <span class='ocrx_word' id='word_1_139' title='bbox 855 2552 1100 2652; x_wconf 82' lang='lat' dir='ltr'>omniumque</span> 
     </span>
     <span class='ocr_line' id='line_1_22' title="bbox 61 2657 1098 2764; baseline 0.002 -26"><span class='ocrx_word' id='word_1_140' title='bbox 61 2673 266 2764; x_wconf 84' lang='lat' dir='ltr'>temporum</span> <span class='ocrx_word' id='word_1_141' title='bbox 303 2657 511 2737; x_wconf 80' lang='lat' dir='ltr'>testimonio</span> <span class='ocrx_word' id='word_1_142' title='bbox 548 2660 779 2738; x_wconf 86' lang='lat' dir='ltr'>celebratum.</span> <span class='ocrx_word' id='word_1_143' title='bbox 839 2657 991 2741; x_wconf 86' lang='lat' dir='ltr'>Perinde</span> <span class='ocrx_word' id='word_1_144' title='bbox 1019 2663 1098 2752; x_wconf 85' lang='lat' dir='ltr'>est,</span> 
     </span>
     <span class='ocr_line' id='line_1_23' title="bbox 61 2766 1101 2876; baseline 0.001 -25"><span class='ocrx_word' id='word_1_145' title='bbox 61 2777 157 2876; x_wconf 83' lang='lat' dir='ltr'>quod</span> <span class='ocrx_word' id='word_1_146' title='bbox 184 2771 242 2851; x_wconf 89' lang='lat' dir='ltr'>alii</span> <span class='ocrx_word' id='word_1_147' title='bbox 264 2774 299 2852; x_wconf 85' lang='lat' dir='ltr'>S.</span> <span class='ocrx_word' id='word_1_148' title='bbox 313 2770 539 2871; x_wconf 76' lang='lat' dir='ltr'>Gregoriunr</span> <span class='ocrx_word' id='word_1_149' title='bbox 564 2766 619 2850; x_wconf 73' lang='lat' dir='ltr'>n.</span> <span class='ocrx_word' id='word_1_150' title='bbox 641 2791 750 2873; x_wconf 79' lang='lat' dir='ltr'>capot</span> <span class='ocrx_word' id='word_1_151' title='bbox 776 2773 884 2851; x_wconf 80' lang='lat' dir='ltr'>huius</span> <span class='ocrx_word' id='word_1_152' title='bbox 902 2775 1006 2873; x_wconf 78' lang='lat' dir='ltr'>regni</span> <span class='ocrx_word' id='word_1_153' title='bbox 1025 2773 1101 2852; x_wconf 83' lang='lat' dir='ltr'>An·</span> 
     </span>
     <span class='ocr_line' id='line_1_24' title="bbox 14 2878 1103 2990; baseline 0.003 -27"><span class='ocrx_word' id='word_1_154' title='bbox 14 2974 18 2990; x_wconf 28' lang='grc' dir='ltr'>ι</span> <span class='ocrx_word' id='word_1_155' title='bbox 61 2885 240 2963; x_wconf 84' lang='lat' dir='ltr'>richristici</span> <span class='ocrx_word' id='word_1_156' title='bbox 274 2887 436 2972; x_wconf 76' lang='lat' dir='ltr'>statum,</span> <span class='ocrx_word' id='word_1_157' title='bbox 481 2880 539 2960; x_wconf 82' lang='lat' dir='ltr'>aiii</span> <span class='ocrx_word' id='word_1_158' title='bbox 566 2878 652 2962; x_wconf 84' lang='lat' dir='ltr'>alios</span> <span class='ocrx_word' id='word_1_159' title='bbox 680 2905 806 2962; x_wconf 86' lang='lat' dir='ltr'>eorum</span> <span class='ocrx_word' id='word_1_160' title='bbox 831 2899 913 2962; x_wconf 85' lang='lat' dir='ltr'>ante</span> <span class='ocrx_word' id='word_1_161' title='bbox 935 2886 1103 2988; x_wconf 84' lang='lat' dir='ltr'>complu·</span> 
     </span>
     <span class='ocr_line' id='line_1_25' title="bbox 60 2993 1102 3098; baseline 0.003 -24"><span class='ocrx_word' id='word_1_162' title='bbox 60 3021 94 3074; x_wconf 84' lang='lat' dir='ltr'>ra</span> <span class='ocrx_word' id='word_1_163' title='bbox 110 3003 177 3075; x_wconf 82' lang='lat' dir='ltr'>iarn</span> <span class='ocrx_word' id='word_1_164' title='bbox 199 2995 312 3076; x_wconf 80' lang='lat' dir='ltr'>secula</span> <span class='ocrx_word' id='word_1_165' title='bbox 337 2993 571 3082; x_wconf 83' lang='lat' dir='ltr'>socceffores,</span> <span class='ocrx_word' id='word_1_166' title='bbox 602 3021 667 3097; x_wconf 89' lang='lat' dir='ltr'>per</span> <span class='ocrx_word' id='word_1_167' title='bbox 687 3014 765 3098; x_wconf 72' lang='lat' dir='ltr'>quae</span> <span class='ocrx_word' id='word_1_168' title='bbox 789 2995 927 3075; x_wconf 73' lang='lat' dir='ltr'>durasse</span> <span class='ocrx_word' id='word_1_169' title='bbox 946 2996 1019 3077; x_wconf 83' lang='lat' dir='ltr'>hoc</span> <span class='ocrx_word' id='word_1_170' title='bbox 1039 3021 1102 3078; x_wconf 79' lang='lat' dir='ltr'>ne·</span> 
     </span>
     <span class='ocr_line' id='line_1_26' title="bbox 57 3107 1104 3214; baseline 0.005 -27"><span class='ocrx_word' id='word_1_171' title='bbox 57 3108 145 3188; x_wconf 79' lang='lat' dir='ltr'>resse</span> <span class='ocrx_word' id='word_1_172' title='bbox 170 3109 240 3188; x_wconf 85' lang='lat' dir='ltr'>fuit</span> <span class='ocrx_word' id='word_1_173' title='bbox 266 3107 456 3189; x_wconf 81' lang='lat' dir='ltr'>aiieverare</span> <span class='ocrx_word' id='word_1_174' title='bbox 483 3128 640 3208; x_wconf 85' lang='lat' dir='ltr'>regnum</span> <span class='ocrx_word' id='word_1_175' title='bbox 668 3109 736 3214; x_wconf 79' lang='lat' dir='ltr'>(id</span> <span class='ocrx_word' id='word_1_176' title='bbox 753 3111 856 3212; x_wconf 84' lang='lat' dir='ltr'>quod</span> <span class='ocrx_word' id='word_1_177' title='bbox 887 3108 956 3187; x_wconf 86' lang='lat' dir='ltr'>iarn</span> <span class='ocrx_word' id='word_1_178' title='bbox 986 3111 1020 3188; x_wconf 86' lang='lat' dir='ltr'>S.</span> <span class='ocrx_word' id='word_1_179' title='bbox 1042 3109 1104 3191; x_wconf 86' lang='lat' dir='ltr'>lo·</span> 
     </span>
     <span class='ocr_line' id='line_1_27' title="bbox 64 3216 1098 3323; baseline 0.005 -25"><span class='ocrx_word' id='word_1_180' title='bbox 64 3221 167 3300; x_wconf 74' lang='lat' dir='ltr'>stione</span> <span class='ocrx_word' id='word_1_181' title='bbox 186 3219 244 3300; x_wconf 75' lang='lat' dir='ltr'>rii.</span> <span class='ocrx_word' id='word_1_182' title='bbox 274 3221 526 3299; x_wconf 73' lang='lat' dir='ltr'>monicum</span> <span class='ocrx_word' id='word_1_183' title='bbox 554 3216 757 3321; x_wconf 82' lang='lat' dir='ltr'>Tryphone</span> <span class='ocrx_word' id='word_1_184' title='bbox 789 3247 824 3298; x_wconf 89' lang='lat' dir='ltr'>n.</span> <span class='ocrx_word' id='word_1_185' title='bbox 848 3239 909 3312; x_wconf 81' lang='lat'>32.</span> <span class='ocrx_word' id='word_1_186' title='bbox 940 3242 974 3323; x_wconf 91' lang='lat' dir='ltr'>p.</span> <span class='ocrx_word' id='word_1_187' title='bbox 1008 3241 1098 3315; x_wconf 84' lang='lat'>129.</span> 
     </span>
     <span class='ocr_line' id='line_1_28' title="bbox 30 3329 1104 3434; baseline 0.007 -26"><span class='ocrx_word' id='word_1_188' title='bbox 30 3418 32 3424; x_wconf 24' lang='lat'><strong>⁴</strong></span> <span class='ocrx_word' id='word_1_189' title='bbox 67 3335 247 3434; x_wconf 79' lang='lat' dir='ltr'>redarguit</span> <span class='ocrx_word' id='word_1_190' title='bbox 276 3337 313 3410; x_wconf 86' lang='lat' dir='ltr'>in</span> <span class='ocrx_word' id='word_1_191' title='bbox 356 3332 482 3410; x_wconf 85' lang='lat' dir='ltr'>ludaeis</span> <span class='ocrx_word' id='word_1_192' title='bbox 522 3330 710 3410; x_wconf 77' lang='lat' dir='ltr'>Danielem</span> <span class='ocrx_word' id='word_1_193' title='bbox 749 3329 1104 3434; x_wconf 76' lang='lat' dir='ltr'>interpretantibus)</span> 
     </span>
     <span class='ocr_line' id='line_1_29' title="bbox 66 3443 1103 3548; baseline 0.007 -28"><span class='ocrx_word' id='word_1_194' title='bbox 66 3444 280 3548; x_wconf 82' lang='lat' dir='ltr'>durareqne,</span> <span class='ocrx_word' id='word_1_195' title='bbox 310 3445 412 3546; x_wconf 88' lang='lat' dir='ltr'>quod</span> <span class='ocrx_word' id='word_1_196' title='bbox 435 3447 545 3522; x_wconf 88' lang='lat' dir='ltr'>breve</span> <span class='ocrx_word' id='word_1_197' title='bbox 563 3443 729 3522; x_wconf 81' lang='lat' dir='ltr'>futurum</span> <span class='ocrx_word' id='word_1_198' title='bbox 757 3467 959 3546; x_wconf 84' lang='lat' dir='ltr'>paucorum</span> <span class='ocrx_word' id='word_1_199' title='bbox 987 3469 1103 3527; x_wconf 77' lang='lat' dir='ltr'>anno-</span> 
     </span>
     <span class='ocr_line' id='line_1_30' title="bbox 68 3556 1111 3660; baseline 0.011 -29"><span class='ocrx_word' id='word_1_200' title='bbox 68 3575 139 3634; x_wconf 87' lang='lat' dir='ltr'>rum</span> <span class='ocrx_word' id='word_1_201' title='bbox 156 3577 278 3658; x_wconf 84' lang='lat' dir='ltr'>aperte</span> <span class='ocrx_word' id='word_1_202' title='bbox 299 3557 451 3635; x_wconf 80' lang='lat' dir='ltr'>loannes</span> <span class='ocrx_word' id='word_1_203' title='bbox 466 3561 502 3631; x_wconf 91' lang='lat' dir='ltr'>in</span> <span class='ocrx_word' id='word_1_204' title='bbox 525 3556 738 3658; x_wconf 76' lang='lat' dir='ltr'>Apocalypfi</span> <span class='ocrx_word' id='word_1_205' title='bbox 761 3560 907 3660; x_wconf 85' lang='lat' dir='ltr'>prodit,</span> <span class='ocrx_word' id='word_1_206' title='bbox 927 3559 1111 3656; x_wconf 35' lang='lat' dir='ltr'>designat-s</span> 
     </span>
     <span class='ocr_line' id='line_1_31' title="bbox 69 3670 1101 3768; baseline 0.002 -22"><span class='ocrx_word' id='word_1_207' title='bbox 69 3685 132 3768; x_wconf 82' lang='lat' dir='ltr'>que</span> <span class='ocrx_word' id='word_1_208' title='bbox 160 3670 420 3748; x_wconf 79' lang='lat' dir='ltr'>Antichristurn</span> <span class='ocrx_word' id='word_1_209' title='bbox 460 3693 567 3746; x_wconf 86' lang='lat' dir='ltr'>unam</span> <span class='ocrx_word' id='word_1_210' title='bbox 597 3670 784 3768; x_wconf 78' lang='lat' dir='ltr'>personam</span> <span class='ocrx_word' id='word_1_211' title='bbox 819 3696 862 3748; x_wconf 78' lang='lat' dir='ltr'>ac</span> <span class='ocrx_word' id='word_1_212' title='bbox 891 3671 1101 3759; x_wconf 83' lang='lat' dir='ltr'>hominem.</span> 
     </span>
     <span class='ocr_line' id='line_1_32' title="bbox 16 3776 1105 3885; baseline 0.006 -34"><span class='ocrx_word' id='word_1_213' title='bbox 16 3880 20 3885; x_wconf 20' lang='grc' dir='ltr'>Ι</span> <span class='ocrx_word' id='word_1_214' title='bbox 72 3776 114 3854; x_wconf 82' lang='lat' dir='ltr'>iiii</span> <span class='ocrx_word' id='word_1_215' title='bbox 135 3805 221 3859; x_wconf 88' lang='lat' dir='ltr'>vero</span> <span class='ocrx_word' id='word_1_216' title='bbox 243 3782 365 3859; x_wconf 84' lang='lat' dir='ltr'>seriem</span> <span class='ocrx_word' id='word_1_217' title='bbox 396 3780 642 3881; x_wconf 84' lang='lat' dir='ltr'>pontificum,</span> <span class='ocrx_word' id='word_1_218' title='bbox 672 3783 805 3859; x_wconf 84' lang='lat' dir='ltr'>nmiile</span> <span class='ocrx_word' id='word_1_219' title='bbox 830 3786 936 3883; x_wconf 79' lang='lat' dir='ltr'>etiarn</span> <span class='ocrx_word' id='word_1_220' title='bbox 967 3799 1003 3858; x_wconf 88' lang='lat' dir='ltr'>et</span> <span class='ocrx_word' id='word_1_221' title='bbox 1029 3803 1105 3860; x_wconf 74' lang='lat' dir='ltr'>anr-</span> 
     </span>
     <span class='ocr_line' id='line_1_33' title="bbox 16 3890 1106 3999; baseline 0.007 -33"><span class='ocrx_word' id='word_1_222' title='bbox 16 3920 20 3983; x_wconf 64' lang='grc' dir='ltr'>ξ</span> <span class='ocrx_word' id='word_1_223' title='bbox 75 3891 151 3988; x_wconf 83' lang='lat' dir='ltr'>plius</span> <span class='ocrx_word' id='word_1_224' title='bbox 169 3897 274 3975; x_wconf 80' lang='lat' dir='ltr'>annis</span> <span class='ocrx_word' id='word_1_225' title='bbox 297 3893 478 3999; x_wconf 88' lang='lat' dir='ltr'>hodieque</span> <span class='ocrx_word' id='word_1_226' title='bbox 496 3893 622 3996; x_wconf 81' lang='lat' dir='ltr'>pulcre</span> <span class='ocrx_word' id='word_1_227' title='bbox 647 3894 820 3984; x_wconf 79' lang='lat' dir='ltr'>stantem,</span> <span class='ocrx_word' id='word_1_228' title='bbox 864 3907 900 3970; x_wconf 77' lang='lat' dir='ltr'>et</span> <span class='ocrx_word' id='word_1_229' title='bbox 930 3890 1106 3992; x_wconf 81' lang='lat' dir='ltr'>usquead</span> 
     </span>
    </p>
   </div>
   <div class='ocr_carea' id='block_1_5' title="bbox 890 4039 1050 4106">
    <p class='ocr_par' dir='ltr' id='par_1_5' title="bbox 890 4039 1050 4106">
     <span class='ocr_line' id='line_1_34' title="bbox 890 4039 1050 4106; baseline -0.025 0"><span class='ocrx_word' id='word_1_230' title='bbox 890 4099 892 4106; x_wconf 92' lang='lat'>.</span> <span class='ocrx_word' id='word_1_231' title='bbox 959 4039 1050 4103; x_wconf 87' lang='lat' dir='ltr'>con·</span> 
     </span>
    </p>
   </div>
   <div class='ocr_carea' id='block_1_6' title="bbox 0 0 1225 4478">
    <p class='ocr_par' dir='ltr' id='par_1_6' title="bbox 0 0 1225 4478">
     <span class='ocr_line' id='line_1_35' title="bbox 0 0 1225 4478; baseline 0 0"><span class='ocrx_word' id='word_1_232' title='bbox 0 0 1225 4478; x_wconf 95' lang='lat' dir='ltr'> </span> 
     </span>
    </p>
   </div>
  </div>
 </body>
</html>
