2400 4478
235 263 384 337 regnum
415 236 543 333 errem
570 243 609 318 in
637 244 754 357 leeris.
786 264 814 324 t.
840 241 926 327 XX.
940 237 1115 351 ''135-

61 400 198 499 Agrum
224 399 367 488 sontem
386 401 567 481 habentem
589 426 721 484 cornua
736 401 896 504 'septem
926 408 1086 488 eminen-

61 519 140 594 tiam
171 517 375 619 potestatis,
419 541 488 615 qua
520 515 686 594 universes
716 517 942 606 dominatur,
981 524 1084 599 intel.

61 632 162 725 tigit,
211 643 245 706 et
281 627 392 707 oeulos
415 627 577 731 septem,
630 629 779 707 scientiae
802 631 1084 731 plenitudinem.

61 743 106 822 lbi
132 755 296 827 tantum.
329 743 389 818 ubi
421 765 489 817 nos
517 740 689 839 legimusr
720 739 763 817 m
785 734 1084 841 rigaudimussu.
1138 787 1145 794 ·

61 869 113 928 ter
139 863 297 938 terrem,
330 854 537 929 vetustiores
558 852 591 928 se
620 854 762 931 codices
785 853 947 932 'secutum
976 856 1082 939 dicit:

61 961 271 1058 regaredum,
322 962 414 1063 quasr
447 964 625 1043 modestiae
652 965 751 1043 causa
791 967 977 1064 personam
1003 966 1113 1047 nru-v

61 1093 148 1156 :ent.·
200 1075 241 1152 ln
267 1090 373 1175 caput
399 1074 459 1153 Vl.
492 1101 620 1154 eorum
649 1081 804 1176 primum
830 1078 983 1175 explicat
1008 1079 1084 1156 len-

61 1190 233 1275 :entiam,
280 1190 341 1288 qui
371 1187 502 1285 septem
530 1187 802 1301 srgillie.statum
836 1185 994 1266 Ecclesiae
1018 1191 1085 1270 sub

65 1302 212 1384 uitium,
250 1298 503 1399 apostolorum·
529 1303 697 1376 nimirum
732 1316 922 1397 tempore,
954 1299 1082 1381 desert.

61 1419 85 1489 ri
111 1411 259 1487 volunt:
291 1412 376 1491 dum
402 1413 458 1490 alii
487 1413 680 1490 secundum
701 1409 853 1509 figulum
874 1411 1082 1512 intelligunt

61 1528 176 1602 latum
209 1520 398 1607 Ecclesia,
431 1547 508 1621 quae
531 1525 580 1600 erl
603 1546 767 1620 regnum&
782 1521 911 1601 Christi
937 1537 1080 1621 tempo-

61 1662 87 1713 re
114 1651 310 1740 martyrum
342 1636 406 1712 sub
443 1634 636 1712 Cesaribus
672 1632 846 1711 Romanis
886 1634 1082 1737 astepm.

61 1772 98 1824 no
115 1763 384 1847 protomartyre
403 1746 573 1846 usquead
591 1746 867 1826 Constantinum
887 1744 1080 1845 magnum.

61 1857 213 1937 Tertium
240 1875 358 1937 autem
381 1856 531 1957 sigillum
549 1857 612 1957 ips
629 1857 781 1959 Meyero
802 1855 988 1935 uerisimile
1008 1860 1079 1959 ele,

61 1970 114 2048 else
144 1973 189 2046 de-
214 1975 255 2046 iis
289 1971 415 2056 unalis,
448 1980 525 2069 quae
552 1969 677 2047 inflida
712 1971 792 2047 sunt
813 1995 895 2048 cum
923 1967 1080 2061 lurein

62 2086 325 2182 tum'gentibus
361 2081 542 2159 salutarem
576 2080 758 2183 Evangelii
796 2084 997 2167 sermonem
1022 2082 1081 2161 'de

62 2198 259 2288 poenitentia
280 2197 594 2277 contemnentibus
610 2211 646 2270 et
665 2194 856 2293 discipulos
872 2194 1085 2294 persequen-
1121 2196 1124 2200 ’

63 2308 162 2394 tibus,
193 2307 291 2406 quod
325 2306 503 2386 ostendit:
555 2306 747 2406 posteaque
775 2329 903 2391 eorum
940 2305 1081 2401 senten·

64 2417 132 2492 tiam
162 2422 336 2518 exponit,
376 2422 435 2516 qui
472 2443 534 2514 pet
562 2433 730 2516 quartum
759 2414 913 2514 figillum
949 2416 1079 2495 inteili-

65 2547 139 2620 gum
167 2546 334 2632 quartum
360 2527 520 2612 Ecclefiee
549 2530 697 2635 statum,
733 2529 954 2626 postquama
979 2527 1080 2617 Cou-

65 2635 201 2718 slantino
228 2665 297 2741 pax
329 2639 485 2720 Ecclesiae
512 2640 619 2727 salla,
649 2654 686 2716 et
714 2638 767 2717 sc·
786 2640 971 2741 deincepe'.·

108 2799 191 2883 Non
221 2801 345 2882 desunt
377 2825 489 2887 vero,
530 2813 571 2878 ut
598 2824 687 2877 mox
717 2799 944 2888 ridebimus.
970 2801 1078 2878 etiam

65 2929 100 2986 tn
134 2917 424 2997 recentioribus,
475 2915 538 3017 qui
570 2917 607 2988 m
645 2910 724 3013 i'psrs
759 2912 892 3011 septem
924 2911 1080 2993 ecclesis

64 3015 182 3119 septem
210 3023 370 3109 Ecclesiae
394 3025 438 3100 ad
465 3024 814 3102 consummationem
845 3025 956 3124 usque
981 3025 1080 3104 secu·

64 3124 85 3201 ll
109 3137 206 3218 slatus
226 3136 286 3212 srbi
308 3137 576 3235 representaret,
606 3160 685 3236 quae
710 3137 760 3212 est
783 3137 993 3215 ediametro
1012 3129 1080 3238 op.

65 3243 162 3330 roura
190 3250 359 3334 sententia
389 3249 485 3334 illis,
529 3252 593 3349 qui
624 3247 669 3323 ad
697 3248 861 3347 tempora
886 3250 1082 3350 apostolice

64 3360 165 3434 totam
195 3359 430 3461 Apocalypsin
453 3361 683 3458 restringunt.
741 3350 904 3441 Editores
927 3386 1082 3462 operum

63 3455 299 3569 &Augustini
331 3497 377 3548 ex
404 3474 693 3570 congregatione
725 3471 903 3552 &Mauri
932 3473 977 3550 ad
1013 3473 1081 3548 cal.

64 3589 132 3654 tem
163 3582 207 3660 Τ.
251 3583 311 3662 lll.
341 3583 377 3661 Ρ.
411 3584 457 3661 ll.
486 3582 735 3683 ,eupoleonem
763 3588 798 3660 in
829 3584 973 3684 Apocal.
998 3583 1083 3661 affe·

62 3698 136 3768 lunt
162 3719 206 3774 ex
227 3699 401 3772 veter-ibus
419 3693 639 3795 potissimum
668 3700 921 3798 interpretibus
942 3701 979 3772 in
1002 3695 1083 3770 sor·
1142 3786 1145 3792 Ι

64 3810 147 3882 mim
192 3808 423 3891 lronrilmrum
475 3808 659 3883 sedaliam.
746 3810 916 3903 Quarum
961 3823 1083 3882 tamen

63 3913 175 3999 trine
204 3919 395 3998 exordium
427 3923 463 3996 in
494 3919 723 3998 vetullillimo
752 3912 901 3996 ibbatiae
936 3917 969 3996 S.
988 3914 1082 3994 Petri

526 4039 540 4128 l
572 4072 598 4143 4
940 4046 1029 4126 Car·
