2400 4478
266 240 417 318 regnum
441 212 573 309 emisti
593 166 819 302 interrito.
841 218 928 302 XX.
1030 245 1108 324 ¹49

73 380 174 462 daica
197 365 512 483 prestolabuutot,
542 382 681 479 quondo
700 379 771 463 hcc
793 397 921 474 erunt,
963 396 998 464 et
1015 388 1108 484 quod

69 492 207 592 sigum
233 494 404 575 adventus
427 497 503 581 tui,
550 509 586 571 et
622 493 930 594 consummationis
955 497 1105 596 seneli?

71 606 235 688 Christus
257 621 378 685 autem
407 603 678 706 responsionem
709 607 802 687 suam
828 612 877 686 ita
899 624 1102 711 temperat,

70 734 264 818 utramque
297 719 391 795 illam
424 720 776 796 consummationem
808 720 1104 824 everssonemque

68 833 167 912 urbis
190 848 226 908 et
254 833 352 908 orbis
387 829 499 909 veluti
523 831 819 920 confundendo,
869 847 911 912 ut
944 837 1104 914 incertos

70 967 138 1022 nos
164 965 207 1020 ec
232 940 440 1043 suspensos,
490 962 704 1043 paratosque
737 943 875 1044 semper
906 959 943 1023 et
976 947 1104 1046 vigiles

72 1055 242 1134 detineat.
301 1053 409 1132 Unde
427 1065 499 1130 tam
528 1053 618 1156 saepe
643 1053 805 1135 Christus
830 1054 968 1158 palam,
997 1072 1034 1135 et
1064 1061 1105 1137 iu

68 1167 248 1272 parabolis
277 1165 320 1242 ad
354 1164 575 1263 vigilandum
607 1165 796 1256 hortatur,
841 1169 925 1264 quia
945 1191 1013 1264 qun
1041 1167 1108 1246 ho.

22 1282 30 1298 '
68 1302 113 1357 ro
129 1300 203 1355 uon
225 1278 379 1376 putatis,
397 1273 498 1373 filius
515 1277 670 1356 hominis
695 1289 867 1360 venturus
889 1275 943 1368 eli.
1003 1278 1105 1380 Apo·

67 1391 150 1470 stoli
185 1413 272 1467 vero
295 1389 341 1466 sd
364 1413 479 1466 unum
501 1413 632 1467 omnes
656 1391 693 1465 in
722 1389 790 1468 suis
810 1389 987 1492 epistolis,
1036 1388 1106 1469 esse

65 1505 137 1582 iaus
162 1499 384 1592 novissmam
401 1500 552 1589 horum,
570 1499 799 1587 denunciant
859 1501 892 1582 A
914 1501 952 1581 S.
966 1501 1106 1582 Ioanne

66 1614 118 1693 sic
138 1614 350 1692 inchoatus:
379 1609 590 1709 Apoeaupfis
610 1609 688 1710 Iesu
707 1607 859 1704 emeat,
888 1637 993 1712 quum
1010 1611 1105 1692 dedit

67 1725 123 1805 iiii
137 1720 238 1803 'Deus
254 1722 375 1820 poium
391 1720 516 1822 fucere
535 1720 656 1820 seruis
669 1722 772 1822 suis,
799 1748 872 1822 quo
889 1735 1025 1824 oportet
1036 1725 1104 1818 fie-

65 1841 107 1916 ri
130 1841 223 1928 σῖτος
268 1836 347 1914 finit
373 1829 493 1914 nutem
519 1836 599 1936 post
633 1835 760 1913 asisin
788 1839 938 1915 eandem
963 1839 1106 1917 senten·

68 1952 189 2037 tiam,
232 1951 293 2046 qui
327 1945 560 2036 tessimonium
588 1945 748 2046 perhibet
784 1945 951 2041 iliorum:
996 1953 1105 2028 etiam
1144 1946 1153 1965 ⁰

67 2063 175 2139 venio
192 2063 281 2138 cito:
308 2083 419 2136 omen.
478 2057 570 2136 Veni
588 2057 840 2156 Dominelesu.
893 2060 992 2140 Hinc
1015 2061 1105 2142 Chi·

65 2172 173 2253 liasiae
195 2172 245 2249 iili
267 2174 468 2272 primorum
488 2169 647 2250 Ecclefiae
673 2171 906 2262 seculorum,
945 2175 1008 2274 qui
1030 2174 1106 2274 pri-

65 2308 173 2363 mum
207 2288 348 2362 ruinam
389 2284 487 2363 urbis
521 2282 858 2384 Hierosolymitanae
888 2307 960 2385 ptae
988 2282 1104 2378 oculis¹

64 2396 276 2488 habentes,
319 2395 582 2497 dispersamque
609 2418 674 2496 per
705 2397 832 2474 orbem
866 2411 1014 2496 gentem
1046 2395 1107 2477 iu-

66 2510 244 2596 daicam,
299 2507 469 2608 deinceps
503 2505 763 2606 dislipationem
799 2509 1105 2609 vastationemque

66 2616 229 2703 Romani
263 2621 402 2719 imperii
436 2641 482 2696 ex
507 2619 612 2706 diris,
655 2621 874 2720 quibuscum
904 2617 1006 2695 esuis
1032 2620 1106 2718 pri·

10 2731 12 2799 ἶ
69 2734 230 2813 mordiis
256 2729 449 2809 conflisiari
475 2748 667 2832 coeperet,
694 2728 778 2808 satis
805 2731 947 2808 eminus
969 2727 1107 2832 prospi-

10 2843 14 2890 ²
68 2850 230 2928 cientes,
273 2859 384 2943 utque
417 2866 500 2920 cum
533 2843 849 2921 consummatione
882 2841 988 2919 secuii
1016 2865 1107 2919 con-

10 2957 15 2969 '
68 2957 230 3039 iuniimn
256 2958 351 3040 ruti,
402 2977 477 3032 non
513 2968 680 3055 poterent
712 2977 791 3033 non
818 2977 974 3055 regnum
1007 2953 1106 3034 mille

10 3068 16 3117 ⁵
68 3092 255 3149 annorum
276 3065 408 3145 Christi
429 3069 465 3144 in
486 3067 613 3153 teins,
652 3066 755 3167 quod
782 3065 895 3168 Apoc.
920 3062 1014 3145 XX
1043 3089 1107 3148 ex-

70 3181 253 3284 plicatur,
299 3194 397 3258 tetro
428 3177 609 3256 collocare
639 3177 771 3278 procui
799 3179 918 3256 asatis
941 3177 1026 3268 iliis,
1053 3193 1107 3256 et·
1175 3194 1177 3201 ·

10 3315 14 3389 3
63 3317 147 3395 que
171 3305 381 3392 exemptum
407 3290 506 3367 masis
536 3293 730 3377 omuibus,
774 3290 904 3390 quibus
926 3288 1107 3368 nosinse-

10 3434 18 3500 ξ
68 3404 222 3499 sistam
213 3406 344 3502 iugiter
356 3399 546 3479 Eccsefium
561 3401 792 3479 militantem
782 3426 851 3480 nun
866 3401 964 3480 mille
975 3402 1109 3502 septin-

10 3536 18 3614 3
69 3519 194 3615 gentis
216 3532 251 3591 et
282 3516 374 3595 uitta
401 3517 502 3591 annis
528 3513 790 3615 conspicimus
836 3536 992 3614 regnum
1019 3512 1107 3590 illud

10 3672 21 3725 χ
70 3628 250 3709 cumn
241 3652 277 3703 tn
303 3629 414 3703 terris.
476 3625 593 3720 Quod
625 3628 731 3704 etium
762 3625 923 3706 Christus
950 3647 1107 3724 regnum

15 3755 20 3830 j
72 3740 259 3819 coelorum
281 3752 386 3817 vocet
407 3741 444 3815 in
466 3737 534 3816 suis
550 3739 759 3837 'parabolis'
805 3738 994 3844 inquibus
1017 3735 1107 3813 boni

10 3858 53 3935 ‚³
70 3875 160 3937 cum
183 3851 311 3940 malis,
341 3850 480 3928 zizania
497 3872 582 3928 cum
605 3852 755 3942 tritico,
792 3851 896 3934 sutuae
916 3870 999 3924 cum
1020 3868 1109 3946 ptu-

579 4026 616 4111 K
646 4049 666 4121 3
885 3992 1052 4105 dentibus
