<?xml version="1.0" encoding="UTF-8"?>
<!DOCTYPE html PUBLIC "-//W3C//DTD XHTML 1.0 Transitional//EN"
    "http://www.w3.org/TR/xhtml1/DTD/xhtml1-transitional.dtd">
<html xmlns="http://www.w3.org/1999/xhtml" xml:lang="en" lang="en">
 <head>
  <title>
</title>
<meta http-equiv="Content-Type" content="text/html;charset=utf-8" />
  <meta name='ocr-system' content='tesseract 3.04.00' />
  <meta name='ocr-capabilities' content='ocr_page ocr_carea ocr_par ocr_line ocrx_word'/>
</head>
<body>
  <div class='ocr_page' id='page_1' title='image "./ecclesiamilitan00gerbgoog_0298.png"; bbox 0 0 2400 4478; ppageno 0'>
   <div class='ocr_carea' id='block_1_1' title="bbox 120 205 924 313">
    <p class='ocr_par' dir='ltr' id='par_1_1' title="bbox 120 205 924 313">
     <span class='ocr_line' id='line_1_1' title="bbox 120 205 924 313; baseline -0.002 -14"><span class='ocrx_word' id='word_1_1' title='bbox 120 238 204 313; x_wconf 80' lang='lat'>290</span> <span class='ocrx_word' id='word_1_2' title='bbox 486 210 632 311; x_wconf 74' lang='lat' dir='ltr'>Ecclefia</span> <span class='ocrx_word' id='word_1_3' title='bbox 658 205 842 297; x_wconf 55' lang='lat' dir='ltr'>nuliius*</span> <span class='ocrx_word' id='word_1_4' title='bbox 919 280 924 285; x_wconf 93' lang='lat'><strong>.</strong></span> 
     </span>
    </p>
   </div>
   <div class='ocr_carea' id='block_1_2' title="bbox 86 360 1163 2825">
    <p class='ocr_par' dir='ltr' id='par_1_2' title="bbox 113 360 1163 1155">
     <span class='ocr_line' id='line_1_2' title="bbox 139 360 1163 483; baseline 0.007 -26"><span class='ocrx_word' id='word_1_5' title='bbox 139 365 143 373; x_wconf 75' lang='grc'><strong>’</strong></span> <span class='ocrx_word' id='word_1_6' title='bbox 203 377 247 458; x_wconf 89' lang='lat' dir='ltr'>ln</span> <span class='ocrx_word' id='word_1_7' title='bbox 283 360 467 458; x_wconf 80' lang='lat' dir='ltr'>Britannia</span> <span class='ocrx_word' id='word_1_8' title='bbox 497 402 583 457; x_wconf 87' lang='lat' dir='ltr'>cum</span> <span class='ocrx_word' id='word_1_9' title='bbox 615 377 728 459; x_wconf 80' lang='lat' dir='ltr'>effent</span> <span class='ocrx_word' id='word_1_10' title='bbox 756 375 856 483; x_wconf 72' lang='lat' dir='ltr'>plinta</span> <span class='ocrx_word' id='word_1_11' title='bbox 891 402 1037 478; x_wconf 85' lang='lat' dir='ltr'>regna,</span> <span class='ocrx_word' id='word_1_12' title='bbox 1098 408 1163 465; x_wconf 87' lang='lat' dir='ltr'>nee</span> 
     </span>
     <span class='ocr_line' id='line_1_3' title="bbox 119 490 1162 595; baseline 0.007 -24"><span class='ocrx_word' id='word_1_13' title='bbox 119 516 248 571; x_wconf 85' lang='lat' dir='ltr'>omnes</span> <span class='ocrx_word' id='word_1_14' title='bbox 268 514 371 591; x_wconf 83' lang='lat' dir='ltr'>reges</span> <span class='ocrx_word' id='word_1_15' title='bbox 390 490 594 577; x_wconf 86' lang='lat' dir='ltr'>christiani,</span> <span class='ocrx_word' id='word_1_16' title='bbox 645 508 881 595; x_wconf 79' lang='lat' dir='ltr'>peterentque</span> <span class='ocrx_word' id='word_1_17' title='bbox 911 496 1162 577; x_wconf 83' lang='lat' dir='ltr'>nihilominus</span> 
     </span>
     <span class='ocr_line' id='line_1_4' title="bbox 118 601 1161 689; baseline 0.008 -8"><span class='ocrx_word' id='word_1_18' title='bbox 118 622 249 682; x_wconf 79' lang='lat' dir='ltr'>mutua</span> <span class='ocrx_word' id='word_1_19' title='bbox 271 605 476 689; x_wconf 86' lang='lat' dir='ltr'>connubia,</span> <span class='ocrx_word' id='word_1_20' title='bbox 507 601 553 681; x_wconf 90' lang='lat' dir='ltr'>V.</span> <span class='ocrx_word' id='word_1_21' title='bbox 579 604 674 683; x_wconf 87' lang='lat' dir='ltr'>Beda</span> <span class='ocrx_word' id='word_1_22' title='bbox 688 606 748 683; x_wconf 86' lang='lat' dir='ltr'>iib.</span> <span class='ocrx_word' id='word_1_23' title='bbox 768 603 795 685; x_wconf 93' lang='lat' dir='ltr'>l.</span> <span class='ocrx_word' id='word_1_24' title='bbox 811 628 854 683; x_wconf 85' lang='lat' dir='ltr'><strong>··c.</strong></span> <span class='ocrx_word' id='word_1_25' title='bbox 876 624 941 681; x_wconf 81' lang='lat'>21.</span> <span class='ocrx_word' id='word_1_26' title='bbox 975 625 1105 687; x_wconf 84' lang='lat' dir='ltr'>narrat</span> <span class='ocrx_word' id='word_1_27' title='bbox 1121 613 1161 689; x_wconf 85' lang='lat' dir='ltr'>de</span> 
     </span>
     <span class='ocr_line' id='line_1_5' title="bbox 118 716 1161 817; baseline 0.004 -22"><span class='ocrx_word' id='word_1_28' title='bbox 118 717 239 795; x_wconf 87' lang='lat' dir='ltr'>Penda</span> <span class='ocrx_word' id='word_1_29' title='bbox 261 738 370 815; x_wconf 84' lang='lat' dir='ltr'>rege,</span> <span class='ocrx_word' id='word_1_30' title='bbox 399 736 476 791; x_wconf 89' lang='lat' dir='ltr'>non</span> <span class='ocrx_word' id='word_1_31' title='bbox 503 716 657 815; x_wconf 79' lang='lat' dir='ltr'>potuiiie</span> <span class='ocrx_word' id='word_1_32' title='bbox 675 716 783 793; x_wconf 85' lang='lat' dir='ltr'>fliium</span> <span class='ocrx_word' id='word_1_33' title='bbox 805 740 929 817; x_wconf 83' lang='lat' dir='ltr'>arege</span> <span class='ocrx_word' id='word_1_34' title='bbox 949 718 1161 799; x_wconf 85' lang='lat' dir='ltr'>Northum-</span> 
     </span>
     <span class='ocr_line' id='line_1_6' title="bbox 114 817 1157 933; baseline 0.007 -27"><span class='ocrx_word' id='word_1_35' title='bbox 114 830 201 906; x_wconf 85' lang='lat' dir='ltr'>briae</span> <span class='ocrx_word' id='word_1_36' title='bbox 219 817 407 913; x_wconf 77' lang='lat' dir='ltr'>obtinete,</span> <span class='ocrx_word' id='word_1_37' title='bbox 436 826 618 921; x_wconf 71' lang='lat' dir='ltr'>nissfidem</span> <span class='ocrx_word' id='word_1_38' title='bbox 640 828 892 916; x_wconf 61' lang='lat' dir='ltr'>christianum,</span> <span class='ocrx_word' id='word_1_39' title='bbox 911 852 956 905; x_wconf 86' lang='lat' dir='ltr'>uc</span> <span class='ocrx_word' id='word_1_40' title='bbox 970 830 1157 933; x_wconf 74' lang='lat' dir='ltr'>&#39;baptisma</span> 
     </span>
     <span class='ocr_line' id='line_1_7' title="bbox 114 940 1151 1040; baseline 0.009 -24"><span class='ocrx_word' id='word_1_41' title='bbox 114 950 344 1037; x_wconf 83' lang='lat' dir='ltr'>cumgente,</span> <span class='ocrx_word' id='word_1_42' title='bbox 372 942 630 1035; x_wconf 79' lang='lat' dir='ltr'>cuipraeerut,</span> <span class='ocrx_word' id='word_1_43' title='bbox 659 944 840 1040; x_wconf 77' lang='lat' dir='ltr'>acciperet.</span> <span class='ocrx_word' id='word_1_44' title='bbox 899 940 1044 1021; x_wconf 90' lang='lat' dir='ltr'>Subdit</span> <span class='ocrx_word' id='word_1_45' title='bbox 1077 972 1151 1025; x_wconf 88' lang='lat' dir='ltr'>veu</span> 
     </span>
     <span class='ocr_line' id='line_1_8' title="bbox 113 1050 1146 1155; baseline 0.009 -26"><span class='ocrx_word' id='word_1_46' title='bbox 113 1052 161 1130; x_wconf 91' lang='lat' dir='ltr'>V.</span> <span class='ocrx_word' id='word_1_47' title='bbox 182 1050 275 1131; x_wconf 84' lang='lat' dir='ltr'>Beda</span> <span class='ocrx_word' id='word_1_48' title='bbox 291 1108 301 1138; x_wconf 90' lang='lat'><strong>,</strong></span> <span class='ocrx_word' id='word_1_49' title='bbox 320 1050 597 1149; x_wconf 80' lang='lat' dir='ltr'>regemPenda,</span> <span class='ocrx_word' id='word_1_50' title='bbox 615 1053 735 1131; x_wconf 82' lang='lat' dir='ltr'>andita</span> <span class='ocrx_word' id='word_1_51' title='bbox 754 1053 1018 1155; x_wconf 78' lang='lat' dir='ltr'>praeciicatione</span> <span class='ocrx_word' id='word_1_52' title='bbox 1036 1067 1146 1139; x_wconf 82' lang='lat' dir='ltr'>veriu-</span> 
     </span>
    </p>

    <p class='ocr_par' dir='ltr' id='par_1_3' title="bbox 86 1162 1150 2825">
     <span class='ocr_line' id='line_1_9' title="bbox 86 1162 1150 1267; baseline 0.008 -25"><span class='ocrx_word' id='word_1_53' title='bbox 86 1222 90 1229; x_wconf 85' lang='lat'>-</span> <span class='ocrx_word' id='word_1_54' title='bbox 112 1168 158 1242; x_wconf 90' lang='lat' dir='ltr'>tis</span> <span class='ocrx_word' id='word_1_55' title='bbox 174 1180 211 1243; x_wconf 90' lang='lat' dir='ltr'>et</span> <span class='ocrx_word' id='word_1_56' title='bbox 230 1162 465 1264; x_wconf 83' lang='lat' dir='ltr'>promissiune</span> <span class='ocrx_word' id='word_1_57' title='bbox 481 1168 583 1263; x_wconf 78' lang='lat' dir='ltr'>regni</span> <span class='ocrx_word' id='word_1_58' title='bbox 600 1164 756 1242; x_wconf 86' lang='lat' dir='ltr'>coelestis</span> <span class='ocrx_word' id='word_1_59' title='bbox 771 1166 904 1267; x_wconf 83' lang='lat' dir='ltr'>speque</span> <span class='ocrx_word' id='word_1_60' title='bbox 925 1168 1150 1251; x_wconf 66' lang='lat' dir='ltr'>resurreiiiu·</span> 
     </span>
     <span class='ocr_line' id='line_1_10' title="bbox 112 1277 1149 1363; baseline -0.004 -9"><span class='ocrx_word' id='word_1_61' title='bbox 112 1282 225 1355; x_wconf 80' lang='lat' dir='ltr'>uiuet</span> <span class='ocrx_word' id='word_1_62' title='bbox 250 1277 378 1355; x_wconf 82' lang='lat' dir='ltr'>iuturae</span> <span class='ocrx_word' id='word_1_63' title='bbox 411 1277 894 1363; x_wconf 83' lang='lat' dir='ltr'>immortalitatis‚&#39;iibentet</span> <span class='ocrx_word' id='word_1_64' title='bbox 929 1278 969 1356; x_wconf 89' lang='lat' dir='ltr'>se</span> <span class='ocrx_word' id='word_1_65' title='bbox 1001 1282 1149 1362; x_wconf 83' lang='lat' dir='ltr'>christia.</span> 
     </span>
     <span class='ocr_line' id='line_1_11' title="bbox 111 1386 1143 1493; baseline 0.008 -26"><span class='ocrx_word' id='word_1_66' title='bbox 111 1414 202 1469; x_wconf 87' lang='lat' dir='ltr'>num</span> <span class='ocrx_word' id='word_1_67' title='bbox 231 1388 307 1465; x_wconf 85' lang='lat' dir='ltr'>fieri</span> <span class='ocrx_word' id='word_1_68' title='bbox 331 1386 445 1477; x_wconf 83' lang='lat' dir='ltr'>velie,</span> <span class='ocrx_word' id='word_1_69' title='bbox 465 1386 783 1478; x_wconf 77' lang='lat' dir='ltr'>&#39;confeiiumeise,</span> <span class='ocrx_word' id='word_1_70' title='bbox 812 1390 955 1467; x_wconf 79' lang='lat' dir='ltr'>tametfi</span> <span class='ocrx_word' id='word_1_71' title='bbox 974 1398 1143 1493; x_wconf 80' lang='lat' dir='ltr'>virginem</span> 
     </span>
     <span class='ocr_line' id='line_1_12' title="bbox 110 1500 1138 1603; baseline -0.006 -24"><span class='ocrx_word' id='word_1_72' title='bbox 110 1508 189 1579; x_wconf 85' lang='lat' dir='ltr'>n&#39;on</span> <span class='ocrx_word' id='word_1_73' title='bbox 221 1504 408 1603; x_wconf 83' lang='lat' dir='ltr'>acciperet.</span> <span class='ocrx_word' id='word_1_74' title='bbox 468 1500 582 1580; x_wconf 80' lang='lat' dir='ltr'>Socer</span> <span class='ocrx_word' id='word_1_75' title='bbox 606 1524 694 1579; x_wconf 83' lang='lat' dir='ltr'>vero</span> <span class='ocrx_word' id='word_1_76' title='bbox 722 1502 821 1603; x_wconf 78' lang='lat' dir='ltr'>&#39;regis</span> <span class='ocrx_word' id='word_1_77' title='bbox 853 1500 982 1582; x_wconf 89' lang='lat' dir='ltr'>Penda</span> <span class='ocrx_word' id='word_1_78' title='bbox 1000 1506 1065 1583; x_wconf 83' lang='lat' dir='ltr'>init</span> <span class='ocrx_word' id='word_1_79' title='bbox 1087 1530 1138 1583; x_wconf 85' lang='lat' dir='ltr'>re.</span> 
     </span>
     <span class='ocr_line' id='line_1_13' title="bbox 107 1610 1139 1715; baseline 0.007 -24"><span class='ocrx_word' id='word_1_80' title='bbox 107 1614 266 1715; x_wconf 69' lang='lat' dir='ltr'>iigiqus.</span> <span class='ocrx_word' id='word_1_81' title='bbox 282 1636 345 1690; x_wconf 87' lang='lat' dir='ltr'>rex</span> <span class='ocrx_word' id='word_1_82' title='bbox 365 1610 505 1699; x_wconf 85' lang='lat' dir='ltr'>Osviu,</span> <span class='ocrx_word' id='word_1_83' title='bbox 535 1618 597 1693; x_wconf 92' lang='lat' dir='ltr'>cui</span> <span class='ocrx_word' id='word_1_84' title='bbox 620 1614 751 1691; x_wconf 86' lang='lat' dir='ltr'>eodem</span> <span class='ocrx_word' id='word_1_85' title='bbox 778 1614 865 1691; x_wconf 78' lang='lat' dir='ltr'>teste</span> <span class='ocrx_word' id='word_1_86' title='bbox 882 1612 983 1693; x_wconf 86' lang='lat' dir='ltr'>Beda</span> <span class='ocrx_word' id='word_1_87' title='bbox 1001 1618 1062 1695; x_wconf 88' lang='lat' dir='ltr'>lib.</span> <span class='ocrx_word' id='word_1_88' title='bbox 1081 1618 1139 1700; x_wconf 79' lang='lat' dir='ltr'>nl.</span> 
     </span>
     <span class='ocr_line' id='line_1_14' title="bbox 107 1724 1136 1815; baseline 0.005 -10"><span class='ocrx_word' id='word_1_89' title='bbox 107 1751 139 1805; x_wconf 89' lang='lat' dir='ltr'>c.</span> <span class='ocrx_word' id='word_1_90' title='bbox 166 1746 229 1815; x_wconf 86' lang='lat'>29.</span> <span class='ocrx_word' id='word_1_91' title='bbox 261 1724 462 1803; x_wconf 78' lang='lat' dir='ltr'>Vitalianus</span> <span class='ocrx_word' id='word_1_92' title='bbox 487 1724 525 1803; x_wconf 91' lang='lat' dir='ltr'>P.</span> <span class='ocrx_word' id='word_1_93' title='bbox 547 1727 794 1805; x_wconf 81' lang='lat' dir='ltr'>testimonium</span> <span class='ocrx_word' id='word_1_94' title='bbox 830 1728 869 1801; x_wconf 90' lang='lat' dir='ltr'>in</span> <span class='ocrx_word' id='word_1_95' title='bbox 889 1726 1011 1807; x_wconf 89' lang='lat' dir='ltr'>literis</span> <span class='ocrx_word' id='word_1_96' title='bbox 1031 1732 1136 1810; x_wconf 82' lang='lat' dir='ltr'>dedit:</span> 
     </span>
     <span class='ocr_line' id='line_1_15' title="bbox 105 1836 1139 1934; baseline 0.008 -21"><span class='ocrx_word' id='word_1_97' title='bbox 105 1842 129 1934; x_wconf 79' lang='lat'>,‘,</span> <span class='ocrx_word' id='word_1_98' title='bbox 159 1838 258 1933; x_wconf 87' lang='lat' dir='ltr'>Quia</span> <span class='ocrx_word' id='word_1_99' title='bbox 287 1860 367 1914; x_wconf 87' lang='lat' dir='ltr'>nnn</span> <span class='ocrx_word' id='word_1_100' title='bbox 397 1837 513 1915; x_wconf 85' lang='lat' dir='ltr'>solum</span> <span class='ocrx_word' id='word_1_101' title='bbox 533 1836 603 1916; x_wconf 84' lang='lat' dir='ltr'>Dei</span> <span class='ocrx_word' id='word_1_102' title='bbox 624 1838 749 1919; x_wconf 83' lang='lat' dir='ltr'>cultor·</span> <span class='ocrx_word' id='word_1_103' title='bbox 772 1840 917 1928; x_wconf 79' lang='lat' dir='ltr'>extitit,</span> <span class='ocrx_word' id='word_1_104' title='bbox 949 1841 1015 1921; x_wconf 83' lang='lat' dir='ltr'>sed</span> <span class='ocrx_word' id='word_1_105' title='bbox 1046 1850 1139 1921; x_wconf 82' lang='lat' dir='ltr'>etiam</span> 
     </span>
     <span class='ocr_line' id='line_1_16' title="bbox 105 1948 1140 2047; baseline 0.008 -21"><span class='ocrx_word' id='word_1_106' title='bbox 105 2008 128 2047; x_wconf 83' lang='lat'>,‚</span> <span class='ocrx_word' id='word_1_107' title='bbox 157 1974 287 2027; x_wconf 74' lang='lat' dir='ltr'>omnus</span> <span class='ocrx_word' id='word_1_108' title='bbox 306 1948 481 2026; x_wconf 74' lang='lat' dir='ltr'>subieiios</span> <span class='ocrx_word' id='word_1_109' title='bbox 497 1948 601 2037; x_wconf 82' lang='lat' dir='ltr'>suos,</span> <span class='ocrx_word' id='word_1_110' title='bbox 620 1952 815 2029; x_wconf 81' lang='lat' dir='ltr'>meditatur</span> <span class='ocrx_word' id='word_1_111' title='bbox 833 1950 892 2028; x_wconf 87' lang='lat' dir='ltr'>die</span> <span class='ocrx_word' id='word_1_112' title='bbox 905 1976 951 2030; x_wconf 84' lang='lat' dir='ltr'>ac</span> <span class='ocrx_word' id='word_1_113' title='bbox 966 1957 1089 2045; x_wconf 70' lang='lat' dir='ltr'>noste,</span> <span class='ocrx_word' id='word_1_114' title='bbox 1103 1956 1140 2035; x_wconf 87' lang='lat' dir='ltr'>ad</span> 
     </span>
     <span class='ocr_line' id='line_1_17' title="bbox 104 2058 1139 2167; baseline 0.009 -29"><span class='ocrx_word' id='word_1_115' title='bbox 104 2120 127 2156; x_wconf 84' lang='lat'>„</span> <span class='ocrx_word' id='word_1_116' title='bbox 155 2061 264 2139; x_wconf 86' lang='lat' dir='ltr'>fidem</span> <span class='ocrx_word' id='word_1_117' title='bbox 307 2058 522 2139; x_wconf 77' lang='lat' dir='ltr'><strong>catholicam</strong></span> <span class='ocrx_word' id='word_1_118' title='bbox 560 2075 669 2161; x_wconf 84' lang='lat' dir='ltr'>atque</span> <span class='ocrx_word' id='word_1_119' title='bbox 702 2060 941 2163; x_wconf 81' lang='lat' dir='ltr'>apostolicam</span> <span class='ocrx_word' id='word_1_120' title='bbox 977 2092 1055 2167; x_wconf 86' lang='lat' dir='ltr'>pro</span> <span class='ocrx_word' id='word_1_121' title='bbox 1084 2070 1139 2147; x_wconf 81' lang='lat' dir='ltr'>suu</span> 
     </span>
     <span class='ocr_line' id='line_1_18' title="bbox 102 2174 1141 2268; baseline 0.011 -19"><span class='ocrx_word' id='word_1_122' title='bbox 102 2232 125 2268; x_wconf 87' lang='lat'>,‚</span> <span class='ocrx_word' id='word_1_123' title='bbox 154 2176 283 2250; x_wconf 86' lang='lat' dir='ltr'>animae</span> <span class='ocrx_word' id='word_1_124' title='bbox 322 2174 549 2251; x_wconf 73' lang='lat' dir='ltr'><strong>redemtione</strong></span> <span class='ocrx_word' id='word_1_125' title='bbox 589 2190 817 2252; x_wconf 83' lang='lat' dir='ltr'>convertere.</span> <span class='ocrx_word' id='word_1_126' title='bbox 843 2230 866 2267; x_wconf 87' lang='lat'>„</span> <span class='ocrx_word' id='word_1_127' title='bbox 925 2176 1141 2261; x_wconf 81' lang='lat' dir='ltr'>Cuiusmodi</span> 
     </span>
     <span class='ocr_line' id='line_1_19' title="bbox 103 2282 1139 2389; baseline 0.011 -27"><span class='ocrx_word' id='word_1_128' title='bbox 103 2286 221 2362; x_wconf 90' lang='lat' dir='ltr'>modo</span> <span class='ocrx_word' id='word_1_129' title='bbox 242 2286 279 2361; x_wconf 91' lang='lat' dir='ltr'>in</span> <span class='ocrx_word' id='word_1_130' title='bbox 299 2282 469 2383; x_wconf 82' lang='lat' dir='ltr'>Hispania</span> <span class='ocrx_word' id='word_1_131' title='bbox 486 2290 771 2365; x_wconf 78' lang='lat' dir='ltr'>memoravimus</span> <span class='ocrx_word' id='word_1_132' title='bbox 789 2288 982 2389; x_wconf 82' lang='lat' dir='ltr'>utriusque</span> <span class='ocrx_word' id='word_1_133' title='bbox 1008 2298 1139 2373; x_wconf 80' lang='lat' dir='ltr'>ordinis</span> 
     </span>
     <span class='ocr_line' id='line_1_20' title="bbox 100 2396 1135 2501; baseline 0.01 -24"><span class='ocrx_word' id='word_1_134' title='bbox 100 2412 303 2477; x_wconf 89' lang='lat' dir='ltr'>conventus</span> <span class='ocrx_word' id='word_1_135' title='bbox 325 2396 386 2473; x_wconf 86' lang='lat' dir='ltr'>seu</span> <span class='ocrx_word' id='word_1_136' title='bbox 401 2398 554 2474; x_wconf 77' lang='lat' dir='ltr'>concilia</span> <span class='ocrx_word' id='word_1_137' title='bbox 573 2412 641 2499; x_wconf 81' lang='lat' dir='ltr'>pro</span> <span class='ocrx_word' id='word_1_138' title='bbox 663 2398 771 2477; x_wconf 79' lang='lat' dir='ltr'>causis</span> <span class='ocrx_word' id='word_1_139' title='bbox 789 2399 977 2501; x_wconf 82' lang='lat' dir='ltr'>utriusque</span> <span class='ocrx_word' id='word_1_140' title='bbox 1012 2409 1135 2496; x_wconf 82' lang='lat' dir='ltr'>status,</span> 
     </span>
     <span class='ocr_line' id='line_1_21' title="bbox 99 2507 1136 2611; baseline 0.01 -24"><span class='ocrx_word' id='word_1_141' title='bbox 99 2508 182 2587; x_wconf 83' lang='lat' dir='ltr'>talia</span> <span class='ocrx_word' id='word_1_142' title='bbox 205 2510 313 2587; x_wconf 84' lang='lat' dir='ltr'>etiam</span> <span class='ocrx_word' id='word_1_143' title='bbox 330 2512 424 2586; x_wconf 80' lang='lat' dir='ltr'>circa</span> <span class='ocrx_word' id='word_1_144' title='bbox 448 2507 556 2587; x_wconf 87' lang='lat' dir='ltr'>finem</span> <span class='ocrx_word' id='word_1_145' title='bbox 584 2510 649 2589; x_wconf 86' lang='lat' dir='ltr'>sec.</span> <span class='ocrx_word' id='word_1_146' title='bbox 669 2509 752 2589; x_wconf 84' lang='lat' dir='ltr'>VH.</span> <span class='ocrx_word' id='word_1_147' title='bbox 783 2512 949 2611; x_wconf 83' lang='lat' dir='ltr'>quaedam</span> <span class='ocrx_word' id='word_1_148' title='bbox 985 2516 1057 2597; x_wconf 88' lang='lat' dir='ltr'>sub</span> <span class='ocrx_word' id='word_1_149' title='bbox 1086 2521 1136 2599; x_wconf 87' lang='lat' dir='ltr'>lna</span> 
     </span>
     <span class='ocr_line' id='line_1_22' title="bbox 96 2620 1134 2725; baseline 0.004 -27"><span class='ocrx_word' id='word_1_150' title='bbox 96 2646 185 2723; x_wconf 88' lang='lat' dir='ltr'>rege</span> <span class='ocrx_word' id='word_1_151' title='bbox 203 2620 378 2709; x_wconf 82' lang='lat' dir='ltr'>concilia,</span> <span class='ocrx_word' id='word_1_152' title='bbox 397 2634 434 2697; x_wconf 89' lang='lat' dir='ltr'>et</span> <span class='ocrx_word' id='word_1_153' title='bbox 450 2621 621 2724; x_wconf 78' lang='lat' dir='ltr'>deinceps</span> <span class='ocrx_word' id='word_1_154' title='bbox 637 2626 674 2701; x_wconf 90' lang='lat' dir='ltr'>iu</span> <span class='ocrx_word' id='word_1_155' title='bbox 695 2622 846 2725; x_wconf 81' lang='lat' dir='ltr'>Angliu,</span> <span class='ocrx_word' id='word_1_156' title='bbox 868 2629 923 2702; x_wconf 90' lang='lat' dir='ltr'>nti</span> <span class='ocrx_word' id='word_1_157' title='bbox 941 2640 981 2705; x_wconf 87' lang='lat' dir='ltr'>et</span> <span class='ocrx_word' id='word_1_158' title='bbox 997 2632 1040 2710; x_wconf 94' lang='lat' dir='ltr'>in</span> <span class='ocrx_word' id='word_1_159' title='bbox 1061 2633 1134 2713; x_wconf 80' lang='lat' dir='ltr'>Gal.</span> 
     </span>
     <span class='ocr_line' id='line_1_23' title="bbox 96 2732 542 2825; baseline 0.002 -15"><span class='ocrx_word' id='word_1_160' title='bbox 96 2734 162 2825; x_wconf 84' lang='lat' dir='ltr'>lia,</span> <span class='ocrx_word' id='word_1_161' title='bbox 193 2736 341 2815; x_wconf 86' lang='lat' dir='ltr'>fuerunt</span> <span class='ocrx_word' id='word_1_162' title='bbox 359 2732 542 2812; x_wconf 86' lang='lat' dir='ltr'>celebrata.</span> 
     </span>
    </p>
   </div>
   <div class='ocr_carea' id='block_1_3' title="bbox 82 2942 1135 4083">
    <p class='ocr_par' dir='ltr' id='par_1_4' title="bbox 82 2942 1135 4083">
     <span class='ocr_line' id='line_1_24' title="bbox 179 2942 1135 3048; baseline 0.009 -23"><span class='ocrx_word' id='word_1_163' title='bbox 179 2944 236 3025; x_wconf 77' lang='lat' dir='ltr'>Aa</span> <span class='ocrx_word' id='word_1_164' title='bbox 253 2944 361 3023; x_wconf 83' lang='lat' dir='ltr'>finem</span> <span class='ocrx_word' id='word_1_165' title='bbox 378 2946 452 3023; x_wconf 82' lang='lat' dir='ltr'>fere</span> <span class='ocrx_word' id='word_1_166' title='bbox 472 2943 580 3023; x_wconf 83' lang='lat' dir='ltr'>seculi</span> <span class='ocrx_word' id='word_1_167' title='bbox 595 2942 768 3025; x_wconf 73' lang='lat' dir='ltr'>Traieiiis</span> <span class='ocrx_word' id='word_1_168' title='bbox 788 2948 825 3025; x_wconf 93' lang='lat' dir='ltr'>in</span> <span class='ocrx_word' id='word_1_169' title='bbox 848 2944 984 3048; x_wconf 87' lang='lat' dir='ltr'>Belgio</span> <span class='ocrx_word' id='word_1_170' title='bbox 1005 2957 1059 3035; x_wconf 85' lang='lat' dir='ltr'>est</span> <span class='ocrx_word' id='word_1_171' title='bbox 1075 2958 1135 3034; x_wconf 87' lang='lat' dir='ltr'>im·</span> 
     </span>
     <span class='ocr_line' id='line_1_25' title="bbox 93 3056 1131 3161; baseline 0.012 -26"><span class='ocrx_word' id='word_1_172' title='bbox 93 3058 220 3161; x_wconf 84' lang='lat' dir='ltr'>primis</span> <span class='ocrx_word' id='word_1_173' title='bbox 247 3058 406 3135; x_wconf 80' lang='lat' dir='ltr'>notabile</span> <span class='ocrx_word' id='word_1_174' title='bbox 432 3056 596 3135; x_wconf 89' lang='lat' dir='ltr'>habitum</span> <span class='ocrx_word' id='word_1_175' title='bbox 611 3062 809 3139; x_wconf 72' lang='lat' dir='ltr'>concilium</span> <span class='ocrx_word' id='word_1_176' title='bbox 830 3061 876 3137; x_wconf 88' lang='lat' dir='ltr'>de</span> <span class='ocrx_word' id='word_1_177' title='bbox 907 3062 1043 3145; x_wconf 69' lang='lat' dir='ltr'>sannis</span> <span class='ocrx_word' id='word_1_178' title='bbox 1058 3073 1131 3146; x_wconf 85' lang='lat' dir='ltr'>viris</span> 
     </span>
     <span class='ocr_line' id='line_1_26' title="bbox 94 3170 1133 3283; baseline 0.008 -35"><span class='ocrx_word' id='word_1_179' title='bbox 94 3170 342 3249; x_wconf 87' lang='lat' dir='ltr'>mittendis-ad</span> <span class='ocrx_word' id='word_1_180' title='bbox 362 3170 632 3271; x_wconf 78' lang='lat' dir='ltr'>praedicandum</span> <span class='ocrx_word' id='word_1_181' title='bbox 660 3172 908 3273; x_wconf 72' lang='lat' dir='ltr'>euangelium:</span> <span class='ocrx_word' id='word_1_182' title='bbox 942 3182 1133 3283; x_wconf 88' lang='lat' dir='ltr'>postquam</span> 
     </span>
     <span class='ocr_line' id='line_1_27' title="bbox 93 3280 1130 3381; baseline 0.011 -21"><span class='ocrx_word' id='word_1_183' title='bbox 93 3286 165 3360; x_wconf 86' lang='lat' dir='ltr'>iam</span> <span class='ocrx_word' id='word_1_184' title='bbox 206 3282 241 3361; x_wconf 84' lang='lat' dir='ltr'>S.</span> <span class='ocrx_word' id='word_1_185' title='bbox 265 3280 427 3362; x_wconf 85' lang='lat' dir='ltr'>Kilianus</span> <span class='ocrx_word' id='word_1_186' title='bbox 463 3282 651 3381; x_wconf 83' lang='lat' dir='ltr'>apostolus</span> <span class='ocrx_word' id='word_1_187' title='bbox 687 3282 845 3367; x_wconf 80' lang='lat' dir='ltr'>Franciae</span> <span class='ocrx_word' id='word_1_188' title='bbox 873 3290 1067 3369; x_wconf 87' lang='lat' dir='ltr'>orientalis</span> <span class='ocrx_word' id='word_1_189' title='bbox 1099 3307 1130 3371; x_wconf 87' lang='lat' dir='ltr'>et</span> 
     </span>
     <span class='ocr_line' id='line_1_28' title="bbox 90 3396 1128 3497; baseline 0.006 -24"><span class='ocrx_word' id='word_1_190' title='bbox 90 3396 304 3495; x_wconf 86' lang='lat' dir='ltr'>Thuringiae</span> <span class='ocrx_word' id='word_1_191' title='bbox 342 3418 427 3473; x_wconf 87' lang='lat' dir='ltr'>cum</span> <span class='ocrx_word' id='word_1_192' title='bbox 471 3396 616 3473; x_wconf 91' lang='lat' dir='ltr'>duobus</span> <span class='ocrx_word' id='word_1_193' title='bbox 640 3396 764 3485; x_wconf 74' lang='lat' dir='ltr'>sucus,</span> <span class='ocrx_word' id='word_1_194' title='bbox 797 3398 995 3497; x_wconf 83' lang='lat' dir='ltr'>instigante</span> <span class='ocrx_word' id='word_1_195' title='bbox 1030 3404 1128 3484; x_wconf 81' lang='lat' dir='ltr'>Gei1a</span> 
     </span>
     <span class='ocr_line' id='line_1_29' title="bbox 89 3505 1128 3613; baseline 0.002 -23"><span class='ocrx_word' id='word_1_196' title='bbox 89 3511 262 3590; x_wconf 87' lang='lat' dir='ltr'>Gosberti</span> <span class='ocrx_word' id='word_1_197' title='bbox 283 3505 493 3583; x_wconf 76' lang='lat' dir='ltr'>Franconiae</span> <span class='ocrx_word' id='word_1_198' title='bbox 521 3508 623 3585; x_wconf 87' lang='lat' dir='ltr'>ducis</span> <span class='ocrx_word' id='word_1_199' title='bbox 660 3532 801 3597; x_wconf 82' lang='lat' dir='ltr'>uxore,</span> <span class='ocrx_word' id='word_1_200' title='bbox 827 3508 1028 3613; x_wconf 87' lang='lat' dir='ltr'>Herbipoii</span> <span class='ocrx_word' id='word_1_201' title='bbox 1056 3515 1128 3595; x_wconf 85' lang='lat' dir='ltr'>caeli</span> 
     </span>
     <span class='ocr_line' id='line_1_30' title="bbox 87 3618 1128 3708; baseline -0.008 -7"><span class='ocrx_word' id='word_1_202' title='bbox 87 3623 198 3702; x_wconf 79' lang='lat' dir='ltr'>essent</span> <span class='ocrx_word' id='word_1_203' title='bbox 213 3644 269 3698; x_wconf 85' lang='lat' dir='ltr'>an.</span> <span class='ocrx_word' id='word_1_204' title='bbox 292 3630 385 3708; x_wconf 82' lang='lat'><strong>689,</strong></span> <span class='ocrx_word' id='word_1_205' title='bbox 416 3618 554 3696; x_wconf 88' lang='lat' dir='ltr'>dudum</span> <span class='ocrx_word' id='word_1_206' title='bbox 571 3639 756 3699; x_wconf 86' lang='lat' dir='ltr'>vernante</span> <span class='ocrx_word' id='word_1_207' title='bbox 771 3624 806 3698; x_wconf 91' lang='lat' dir='ltr'>in</span> <span class='ocrx_word' id='word_1_208' title='bbox 822 3620 968 3701; x_wconf 83' lang='lat' dir='ltr'>Bavaria</span> <span class='ocrx_word' id='word_1_209' title='bbox 998 3630 1033 3707; x_wconf 89' lang='lat' dir='ltr'>S.</span> <span class='ocrx_word' id='word_1_210' title='bbox 1048 3627 1128 3708; x_wconf 82' lang='lat' dir='ltr'>Em.</span> 
     </span>
     <span class='ocr_line' id='line_1_31' title="bbox 86 3731 1128 3844; baseline -0.003 -30"><span class='ocrx_word' id='word_1_211' title='bbox 86 3760 267 3815; x_wconf 80' lang='lat' dir='ltr'>nieramus</span> <span class='ocrx_word' id='word_1_212' title='bbox 291 3731 556 3809; x_wconf 80' lang='lat' dir='ltr'>Ratisbonenfis</span> <span class='ocrx_word' id='word_1_213' title='bbox 585 3735 774 3835; x_wconf 81' lang='lat' dir='ltr'>episcopus</span> <span class='ocrx_word' id='word_1_214' title='bbox 789 3759 845 3811; x_wconf 87' lang='lat' dir='ltr'>an.</span> <span class='ocrx_word' id='word_1_215' title='bbox 865 3746 958 3827; x_wconf 79' lang='lat'>653.</span> <span class='ocrx_word' id='word_1_216' title='bbox 996 3758 1128 3844; x_wconf 75' lang='lat' dir='ltr'><strong>marty.</strong></span> 
     </span>
     <span class='ocr_line' id='line_1_32' title="bbox 83 3844 1126 3943; baseline 0.003 -15"><span class='ocrx_word' id='word_1_217' title='bbox 83 3856 140 3928; x_wconf 84' lang='lat' dir='ltr'>rio</span> <span class='ocrx_word' id='word_1_218' title='bbox 173 3862 379 3926; x_wconf 85' lang='lat' dir='ltr'>coronatus.</span> <span class='ocrx_word' id='word_1_219' title='bbox 439 3844 602 3925; x_wconf 86' lang='lat' dir='ltr'>Saxones</span> <span class='ocrx_word' id='word_1_220' title='bbox 643 3847 888 3926; x_wconf 83' lang='lat' dir='ltr'>occidentales</span> <span class='ocrx_word' id='word_1_221' title='bbox 923 3849 1126 3943; x_wconf 83' lang='lat' dir='ltr'>aBetino.</span> 
     </span>
     <span class='ocr_line' id='line_1_33' title="bbox 82 3955 1125 4083; baseline 0.006 -42"><span class='ocrx_word' id='word_1_222' title='bbox 82 3986 202 4083; x_wconf 58' lang='lat' dir='ltr'>queme</span> <span class='ocrx_word' id='word_1_223' title='bbox 213 3959 405 4067; x_wconf 75' lang='lat' dir='ltr'>Honorius</span> <span class='ocrx_word' id='word_1_224' title='bbox 419 3955 456 4036; x_wconf 89' lang='lat' dir='ltr'>P.</span> <span class='ocrx_word' id='word_1_225' title='bbox 485 3959 569 4039; x_wconf 89' lang='lat' dir='ltr'>illuc</span> <span class='ocrx_word' id='word_1_226' title='bbox 595 3959 640 4039; x_wconf 87' lang='lat' dir='ltr'>ad</span> <span class='ocrx_word' id='word_1_227' title='bbox 663 3961 933 4063; x_wconf 85' lang='lat' dir='ltr'>praedicaudum</span> <span class='ocrx_word' id='word_1_228' title='bbox 967 3990 1125 4069; x_wconf 86' lang='lat' dir='ltr'>evange·</span> 
     </span>
    </p>
   </div>
   <div class='ocr_carea' id='block_1_4' title="bbox 974 4078 1071 4161">
    <p class='ocr_par' dir='ltr' id='par_1_5' title="bbox 974 4078 1071 4161">
     <span class='ocr_line' id='line_1_34' title="bbox 974 4078 1071 4161; baseline 0.082 -7"><span class='ocrx_word' id='word_1_229' title='bbox 974 4078 1071 4161; x_wconf 88' lang='lat' dir='ltr'>lium</span> 
     </span>
    </p>
   </div>
   <div class='ocr_carea' id='block_1_5' title="bbox 0 0 1204 4478">
    <p class='ocr_par' dir='ltr' id='par_1_6' title="bbox 0 0 1204 4478">
     <span class='ocr_line' id='line_1_35' title="bbox 0 0 1204 4478; baseline 0 6"><span class='ocrx_word' id='word_1_230' title='bbox 0 0 1204 4478; x_wconf 95' lang='lat' dir='ltr'> </span> 
     </span>
    </p>
   </div>
  </div>
 </body>
</html>
