<?xml version="1.0" encoding="UTF-8"?>
<!DOCTYPE html PUBLIC "-//W3C//DTD XHTML 1.0 Transitional//EN"
    "http://www.w3.org/TR/xhtml1/DTD/xhtml1-transitional.dtd">
<html xmlns="http://www.w3.org/1999/xhtml" xml:lang="en" lang="en">
 <head>
  <title>
</title>
<meta http-equiv="Content-Type" content="text/html;charset=utf-8" />
  <meta name='ocr-system' content='tesseract 3.04.00' />
  <meta name='ocr-capabilities' content='ocr_page ocr_carea ocr_par ocr_line ocrx_word'/>
</head>
<body>
  <div class='ocr_page' id='page_1' title='image "./ecclesiamilitan00gerbgoog_0090.png"; bbox 0 0 2438 4470; ppageno 0'>
   <div class='ocr_carea' id='block_1_1' title="bbox 88 196 818 314">
    <p class='ocr_par' dir='ltr' id='par_1_1' title="bbox 88 196 818 314">
     <span class='ocr_line' id='line_1_1' title="bbox 88 196 818 314; baseline 0.045 -53"><span class='ocrx_word' id='word_1_1' title='bbox 88 257 90 261; x_wconf 13' lang='grc' dir='ltr'><em>Α</em></span> <span class='ocrx_word' id='word_1_2' title='bbox 125 224 185 314; x_wconf 68' lang='lat'>74</span> <span class='ocrx_word' id='word_1_3' title='bbox 309 208 317 253; x_wconf 68' lang='lat' dir='ltr'>t</span> <span class='ocrx_word' id='word_1_4' title='bbox 480 200 623 298; x_wconf 67' lang='lat' dir='ltr'>Ecclesia,</span> <span class='ocrx_word' id='word_1_5' title='bbox 656 196 818 294; x_wconf 74' lang='lat' dir='ltr'>mititare</span> 
     </span>
    </p>
   </div>
   <div class='ocr_carea' id='block_1_2' title="bbox 84 365 1180 2388">
    <p class='ocr_par' dir='ltr' id='par_1_2' title="bbox 84 365 1180 1598">
     <span class='ocr_line' id='line_1_2' title="bbox 123 365 1180 474; baseline 0.002 -22"><span class='ocrx_word' id='word_1_6' title='bbox 123 394 207 461; x_wconf 69' lang='lat' dir='ltr'>num</span> <span class='ocrx_word' id='word_1_7' title='bbox 234 365 409 459; x_wconf 61' lang='lat' dir='ltr'>Ecclesiae,</span> <span class='ocrx_word' id='word_1_8' title='bbox 465 366 665 456; x_wconf 70' lang='lat' dir='ltr'>stentem</span> <span class='ocrx_word' id='word_1_9' title='bbox 687 369 853 467; x_wconf 79' lang='lat' dir='ltr'>procedit</span> <span class='ocrx_word' id='word_1_10' title='bbox 875 366 915 474; x_wconf 81' lang='lat' dir='ltr'>o)</span> <span class='ocrx_word' id='word_1_11' title='bbox 935 367 1095 462; x_wconf 66' lang='lat' dir='ltr'>&#39;Bossueti</span> <span class='ocrx_word' id='word_1_12' title='bbox 1114 375 1180 454; x_wconf 86' lang='lat' dir='ltr'>de·</span> 
     </span>
     <span class='ocr_line' id='line_1_3' title="bbox 123 479 1177 585; baseline 0.007 -25"><span class='ocrx_word' id='word_1_13' title='bbox 123 484 367 569; x_wconf 74' lang='lat' dir='ltr'>monstratio:</span> <span class='ocrx_word' id='word_1_14' title='bbox 396 535 422 570; x_wconf 87' lang='lat'>‚,</span> <span class='ocrx_word' id='word_1_15' title='bbox 450 479 574 585; x_wconf 77' lang='lat' dir='ltr'>Quam</span> <span class='ocrx_word' id='word_1_16' title='bbox 609 482 735 566; x_wconf 81' lang='lat' dir='ltr'>orbem</span> <span class='ocrx_word' id='word_1_17' title='bbox 759 482 792 565; x_wconf 73' lang='lat' dir='ltr'>S,</span> <span class='ocrx_word' id='word_1_18' title='bbox 818 483 968 565; x_wconf 82' lang='lat' dir='ltr'>loannes</span> <span class='ocrx_word' id='word_1_19' title='bbox 994 511 1079 570; x_wconf 90' lang='lat' dir='ltr'>cum</span> <span class='ocrx_word' id='word_1_20' title='bbox 1110 490 1177 566; x_wconf 91' lang='lat' dir='ltr'>suo</span> 
     </span>
     <span class='ocr_line' id='line_1_4' title="bbox 120 595 1175 694; baseline 0.008 -24"><span class='ocrx_word' id='word_1_21' title='bbox 120 655 143 692; x_wconf 86' lang='lat'>„</span> <span class='ocrx_word' id='word_1_22' title='bbox 175 597 332 694; x_wconf 86' lang='lat' dir='ltr'>imperio.</span> <span class='ocrx_word' id='word_1_23' title='bbox 352 595 576 671; x_wconf 87' lang='lat' dir='ltr'>interituram</span> <span class='ocrx_word' id='word_1_24' title='bbox 602 595 785 690; x_wconf 85' lang='lat' dir='ltr'>praevidit,</span> <span class='ocrx_word' id='word_1_25' title='bbox 808 601 908 678; x_wconf 92' lang='lat' dir='ltr'>cuius</span> <span class='ocrx_word' id='word_1_26' title='bbox 932 599 1000 675; x_wconf 85' lang='lat' dir='ltr'>fata</span> <span class='ocrx_word' id='word_1_27' title='bbox 1018 603 1175 690; x_wconf 86' lang='lat' dir='ltr'>cecinit,</span> 
     </span>
     <span class='ocr_line' id='line_1_5' title="bbox 84 695 1177 813; baseline 0.01 -34"><span class='ocrx_word' id='word_1_28' title='bbox 84 732 86 737; x_wconf 62' lang='grc'>’</span> <span class='ocrx_word' id='word_1_29' title='bbox 120 766 145 813; x_wconf 21' lang='grc'>,1,</span> <span class='ocrx_word' id='word_1_30' title='bbox 170 695 234 788; x_wconf 79' lang='lat' dir='ltr'>cus</span> <span class='ocrx_word' id='word_1_31' title='bbox 266 706 489 792; x_wconf 80' lang='lat' dir='ltr'>horrendum</span> <span class='ocrx_word' id='word_1_32' title='bbox 530 705 622 790; x_wconf 82' lang='lat' dir='ltr'>iliud·</span> <span class='ocrx_word' id='word_1_33' title='bbox 661 723 770 808; x_wconf 85' lang='lat' dir='ltr'>atque</span> <span class='ocrx_word' id='word_1_34' title='bbox 807 700 979 796; x_wconf 80' lang='lat' dir='ltr'>omnibus</span> <span class='ocrx_word' id='word_1_35' title='bbox 1013 712 1177 797; x_wconf 81' lang='lat' dir='ltr'>historiis</span> 
     </span>
     <span class='ocr_line' id='line_1_6' title="bbox 120 818 1175 928; baseline 0.01 -33"><span class='ocrx_word' id='word_1_36' title='bbox 120 879 145 923; x_wconf 75' lang='lat'>„</span> <span class='ocrx_word' id='word_1_37' title='bbox 174 819 428 920; x_wconf 77' lang='lat' dir='ltr'>pervulgatum</span> <span class='ocrx_word' id='word_1_38' title='bbox 458 818 644 917; x_wconf 76' lang='lat' dir='ltr'>protendit</span> <span class='ocrx_word' id='word_1_39' title='bbox 688 823 876 913; x_wconf 81' lang='lat' dir='ltr'>exitium3</span> <span class='ocrx_word' id='word_1_40' title='bbox 919 846 958 906; x_wconf 86' lang='lat' dir='ltr'>ea</span> <span class='ocrx_word' id='word_1_41' title='bbox 1008 825 1175 928; x_wconf 71' lang='lat' dir='ltr'>profesio</span> 
     </span>
     <span class='ocr_line' id='line_1_7' title="bbox 120 929 1173 1035; baseline 0.004 -28"><span class='ocrx_word' id='word_1_42' title='bbox 120 991 143 1035; x_wconf 80' lang='lat'>„</span> <span class='ocrx_word' id='word_1_43' title='bbox 174 938 257 1018; x_wconf 85' lang='lat' dir='ltr'>urbs</span> <span class='ocrx_word' id='word_1_44' title='bbox 283 933 356 1018; x_wconf 75' lang='lat' dir='ltr'>est„</span> <span class='ocrx_word' id='word_1_45' title='bbox 388 934 490 1013; x_wconf 82' lang='lat' dir='ltr'>cuius</span> <span class='ocrx_word' id='word_1_46' title='bbox 512 947 547 1005; x_wconf 91' lang='lat' dir='ltr'>et</span> <span class='ocrx_word' id='word_1_47' title='bbox 573 929 646 1033; x_wconf 80' lang='lat' dir='ltr'>ipse</span> <span class='ocrx_word' id='word_1_48' title='bbox 674 947 709 1015; x_wconf 79' lang='lat' dir='ltr'>et</span> <span class='ocrx_word' id='word_1_49' title='bbox 734 933 914 1026; x_wconf 25' lang='lat' dir='ltr'>christi-ani</span> <span class='ocrx_word' id='word_1_50' title='bbox 943 957 1072 1012; x_wconf 88' lang='lat' dir='ltr'>omnes</span> <span class='ocrx_word' id='word_1_51' title='bbox 1097 943 1173 1020; x_wconf 89' lang='lat' dir='ltr'>vim</span> 
     </span>
     <span class='ocr_line' id='line_1_8' title="bbox 119 1041 1173 1151; baseline 0.004 -29"><span class='ocrx_word' id='word_1_52' title='bbox 119 1101 143 1151; x_wconf 80' lang='lat'><em>„</em></span> <span class='ocrx_word' id='word_1_53' title='bbox 171 1047 340 1131; x_wconf 82' lang='lat' dir='ltr'>atrociter</span> <span class='ocrx_word' id='word_1_54' title='bbox 365 1043 567 1130; x_wconf 72' lang='lat' dir='ltr'>saevientem</span> <span class='ocrx_word' id='word_1_55' title='bbox 601 1041 841 1145; x_wconf 60' lang='lat' dir='ltr'>sustinebantp</span> <span class='ocrx_word' id='word_1_56' title='bbox 869 1071 907 1127; x_wconf 88' lang='lat' dir='ltr'>ea</span> <span class='ocrx_word' id='word_1_57' title='bbox 934 1062 1056 1131; x_wconf 84' lang='lat' dir='ltr'>autem</span> <span class='ocrx_word' id='word_1_58' title='bbox 1086 1052 1173 1135; x_wconf 81' lang='lat' dir='ltr'>urbs</span> 
     </span>
     <span class='ocr_line' id='line_1_9' title="bbox 118 1156 1173 1267; baseline 0.007 -34"><span class='ocrx_word' id='word_1_59' title='bbox 118 1215 141 1263; x_wconf 79' lang='lat'><em>„</em></span> <span class='ocrx_word' id='word_1_60' title='bbox 172 1159 221 1235; x_wconf 92' lang='lat' dir='ltr'>est</span> <span class='ocrx_word' id='word_1_61' title='bbox 248 1156 386 1242; x_wconf 89' lang='lat' dir='ltr'>Roma,</span> <span class='ocrx_word' id='word_1_62' title='bbox 425 1169 513 1231; x_wconf 87' lang='lat' dir='ltr'>tunc</span> <span class='ocrx_word' id='word_1_63' title='bbox 541 1157 706 1253; x_wconf 79' lang='lat' dir='ltr'>gentium</span> <span class='ocrx_word' id='word_1_64' title='bbox 735 1157 914 1243; x_wconf 86' lang='lat' dir='ltr'>domina,</span> <span class='ocrx_word' id='word_1_65' title='bbox 948 1159 1010 1240; x_wconf 89' lang='lat' dir='ltr'>sub</span> <span class='ocrx_word' id='word_1_66' title='bbox 1032 1185 1101 1267; x_wconf 90' lang='lat' dir='ltr'>qua</span> <span class='ocrx_word' id='word_1_67' title='bbox 1136 1170 1173 1241; x_wconf 89' lang='lat' dir='ltr'>et</span> 
     </span>
     <span class='ocr_line' id='line_1_10' title="bbox 117 1264 1171 1397; baseline 0.001 -50"><span class='ocrx_word' id='word_1_68' title='bbox 117 1326 141 1364; x_wconf 88' lang='lat'>„</span> <span class='ocrx_word' id='word_1_69' title='bbox 172 1270 244 1369; x_wconf 85' lang='lat' dir='ltr'>ipse</span> <span class='ocrx_word' id='word_1_70' title='bbox 274 1268 425 1355; x_wconf 80' lang='lat' dir='ltr'>ioannes</span> <span class='ocrx_word' id='word_1_71' title='bbox 453 1264 566 1365; x_wconf 85' lang='lat' dir='ltr'>pasius</span> <span class='ocrx_word' id='word_1_72' title='bbox 599 1267 679 1361; x_wconf 78' lang='lat' dir='ltr'>est,</span> <span class='ocrx_word' id='word_1_73' title='bbox 722 1292 763 1353; x_wconf 87' lang='lat' dir='ltr'>ac</span> <span class='ocrx_word' id='word_1_74' title='bbox 789 1270 867 1397; x_wconf 81' lang='lat' dir='ltr'>post</span> <span class='ocrx_word' id='word_1_75' title='bbox 902 1271 967 1355; x_wconf 81' lang='lat' dir='ltr'>alia</span> <span class='ocrx_word' id='word_1_76' title='bbox 999 1273 1171 1382; x_wconf 81' lang='lat' dir='ltr'>supplicia</span> 
     </span>
     <span class='ocr_line' id='line_1_11' title="bbox 117 1377 1170 1481; baseline 0.005 -23"><span class='ocrx_word' id='word_1_77' title='bbox 117 1439 141 1477; x_wconf 82' lang='lat'><em>„</em></span> <span class='ocrx_word' id='word_1_78' title='bbox 172 1407 241 1481; x_wconf 90' lang='lat' dir='ltr'>pro</span> <span class='ocrx_word' id='word_1_79' title='bbox 263 1381 476 1468; x_wconf 86' lang='lat' dir='ltr'>testimonio</span> <span class='ocrx_word' id='word_1_80' title='bbox 495 1377 552 1467; x_wconf 83' lang='lat' dir='ltr'>les</span> <span class='ocrx_word' id='word_1_81' title='bbox 549 1406 569 1454; x_wconf 90' lang='lat' dir='ltr'>u</span> <span class='ocrx_word' id='word_1_82' title='bbox 533 1378 632 1462; x_wconf 87' lang='lat' dir='ltr'>sad</span> <span class='ocrx_word' id='word_1_83' title='bbox 649 1377 820 1466; x_wconf 75' lang='lat' dir='ltr'>Patmos‘</span> <span class='ocrx_word' id='word_1_84' title='bbox 812 1406 844 1454; x_wconf 81' lang='lat' dir='ltr'>in</span> <span class='ocrx_word' id='word_1_85' title='bbox 850 1381 980 1469; x_wconf 90' lang='lat' dir='ltr'>sulam,</span> <span class='ocrx_word' id='word_1_86' title='bbox 1011 1403 1052 1471; x_wconf 89' lang='lat' dir='ltr'>ur</span> <span class='ocrx_word' id='word_1_87' title='bbox 1072 1386 1170 1469; x_wconf 89' lang='lat' dir='ltr'>idem</span> 
     </span>
     <span class='ocr_line' id='line_1_12' title="bbox 116 1492 1170 1600; baseline 0.006 -30"><span class='ocrx_word' id='word_1_88' title='bbox 116 1551 140 1599; x_wconf 75' lang='lat'>,‚</span> <span class='ocrx_word' id='word_1_89' title='bbox 170 1495 246 1594; x_wconf 80' lang='lat' dir='ltr'>ipse</span> <span class='ocrx_word' id='word_1_90' title='bbox 284 1507 498 1579; x_wconf 83' lang='lat' dir='ltr'>memorat,</span> <span class='ocrx_word' id='word_1_91' title='bbox 548 1492 773 1600; x_wconf 86' lang='lat' dir='ltr'>deportatus.</span> <span class='ocrx_word' id='word_1_92' title='bbox 835 1492 933 1591; x_wconf 87' lang='lat' dir='ltr'>Ergo</span> <span class='ocrx_word' id='word_1_93' title='bbox 971 1498 1058 1580; x_wconf 87' lang='lat' dir='ltr'>urbs</span> <span class='ocrx_word' id='word_1_94' title='bbox 1102 1523 1170 1593; x_wconf 84' lang='lat' dir='ltr'>ea,</span> 
     </span>
    </p>

    <p class='ocr_par' dir='ltr' id='par_1_3' title="bbox 116 1605 1168 1712">
     <span class='ocr_line' id='line_1_13' title="bbox 116 1605 1168 1712; baseline 0.003 -27"><span class='ocrx_word' id='word_1_95' title='bbox 116 1663 141 1712; x_wconf 52' lang='grc' dir='ltr'><strong><em>υ</em></strong></span> <span class='ocrx_word' id='word_1_96' title='bbox 171 1611 271 1691; x_wconf 86' lang='lat' dir='ltr'>cuius</span> <span class='ocrx_word' id='word_1_97' title='bbox 305 1605 375 1691; x_wconf 82' lang='lat' dir='ltr'>sata</span> <span class='ocrx_word' id='word_1_98' title='bbox 409 1607 562 1688; x_wconf 87' lang='lat' dir='ltr'>cecinit,</span> <span class='ocrx_word' id='word_1_99' title='bbox 603 1607 705 1690; x_wconf 83' lang='lat' dir='ltr'>cuius</span> <span class='ocrx_word' id='word_1_100' title='bbox 738 1608 923 1689; x_wconf 85' lang='lat' dir='ltr'>interitum</span> <span class='ocrx_word' id='word_1_101' title='bbox 959 1612 1168 1700; x_wconf 84' lang='lat' dir='ltr'>nuntiavit,</span> 
     </span>
    </p>

    <p class='ocr_par' dir='ltr' id='par_1_4' title="bbox 112 1669 1171 2388">
     <span class='ocr_line' id='line_1_14' title="bbox 115 1669 1170 1816; baseline 0.007 -21"><span class='ocrx_word' id='word_1_102' title='bbox 115 1777 139 1814; x_wconf 86' lang='lat'>,‚</span> <span class='ocrx_word' id='word_1_103' title='bbox 170 1736 245 1806; x_wconf 89' lang='lat' dir='ltr'>erat</span> <span class='ocrx_word' id='word_1_104' title='bbox 266 1718 336 1816; x_wconf 86' lang='lat' dir='ltr'>ipsa</span> <span class='ocrx_word' id='word_1_105' title='bbox 363 1736 443 1799; x_wconf 87' lang='lat' dir='ltr'>tum</span> <span class='ocrx_word' id='word_1_106' title='bbox 470 1719 618 1802; x_wconf 84' lang='lat' dir='ltr'>domina</span> <span class='ocrx_word' id='word_1_107' title='bbox 646 1720 811 1814; x_wconf 80' lang='lat' dir='ltr'>gentium</span> <span class='ocrx_word' id='word_1_108' title='bbox 841 1716 969 1803; x_wconf 86' lang='lat' dir='ltr'>Roma.</span> <span class='ocrx_word' id='word_1_109' title='bbox 1029 1669 1170 1809; x_wconf 86' lang='lat' dir='ltr'>Omnia</span> 
     </span>
     <span class='ocr_line' id='line_1_15' title="bbox 114 1828 1170 1954; baseline 0.001 -47"><span class='ocrx_word' id='word_1_110' title='bbox 114 1887 141 1934; x_wconf 79' lang='lat'><em>„</em></span> <span class='ocrx_word' id='word_1_111' title='bbox 170 1832 229 1915; x_wconf 91' lang='lat' dir='ltr'>hic</span> <span class='ocrx_word' id='word_1_112' title='bbox 252 1829 344 1905; x_wconf 88' lang='lat' dir='ltr'>clara</span> <span class='ocrx_word' id='word_1_113' title='bbox 375 1828 478 1934; x_wconf 81' lang='lat' dir='ltr'>snnt:</span> <span class='ocrx_word' id='word_1_114' title='bbox 532 1831 693 1937; x_wconf 85' lang='lat' dir='ltr'>primum</span> <span class='ocrx_word' id='word_1_115' title='bbox 729 1835 827 1916; x_wconf 87' lang='lat' dir='ltr'>enim</span> <span class='ocrx_word' id='word_1_116' title='bbox 861 1834 1085 1954; x_wconf 85' lang='lat' dir='ltr'>oportebat,</span> <span class='ocrx_word' id='word_1_117' title='bbox 1128 1850 1170 1914; x_wconf 91' lang='lat' dir='ltr'>ut</span> 
     </span>
     <span class='ocr_line' id='line_1_16' title="bbox 114 1931 1170 2049; baseline 0.008 -32"><span class='ocrx_word' id='word_1_118' title='bbox 114 1999 140 2049; x_wconf 85' lang='lat'>,‚</span> <span class='ocrx_word' id='word_1_119' title='bbox 170 1967 277 2043; x_wconf 83' lang='lat' dir='ltr'>quam</span> <span class='ocrx_word' id='word_1_120' title='bbox 309 1943 436 2027; x_wconf 90' lang='lat' dir='ltr'>urbem</span> <span class='ocrx_word' id='word_1_121' title='bbox 469 1931 572 2022; x_wconf 74' lang='lat' dir='ltr'>santii</span> <span class='ocrx_word' id='word_1_122' title='bbox 600 1938 795 2027; x_wconf 86' lang='lat' dir='ltr'>crudeliter</span> <span class='ocrx_word' id='word_1_123' title='bbox 832 1945 1070 2040; x_wconf 84' lang='lat' dir='ltr'>imperantem</span> <span class='ocrx_word' id='word_1_124' title='bbox 1092 1947 1170 2024; x_wconf 85' lang='lat' dir='ltr'>sen·¹</span> 
     </span>
     <span class='ocr_line' id='line_1_17' title="bbox 115 2053 1168 2151; baseline 0.008 -21"><span class='ocrx_word' id='word_1_125' title='bbox 115 2113 140 2151; x_wconf 89' lang='lat'>„</span> <span class='ocrx_word' id='word_1_126' title='bbox 170 2057 341 2140; x_wconf 83' lang='lat' dir='ltr'>tiebant,</span> <span class='ocrx_word' id='word_1_127' title='bbox 391 2056 465 2136; x_wconf 83' lang='lat' dir='ltr'>eius</span> <span class='ocrx_word' id='word_1_128' title='bbox 502 2056 660 2137; x_wconf 86' lang='lat' dir='ltr'>immane</span> <span class='ocrx_word' id='word_1_129' title='bbox 695 2067 730 2128; x_wconf 91' lang='lat' dir='ltr'>et</span> <span class='ocrx_word' id='word_1_130' title='bbox 757 2053 981 2139; x_wconf 76' lang='lat' dir='ltr'>ineluiiabile</span> <span class='ocrx_word' id='word_1_131' title='bbox 1013 2060 1168 2138; x_wconf 90' lang='lat' dir='ltr'>exitium</span> 
     </span>
     <span class='ocr_line' id='line_1_18' title="bbox 114 2136 1171 2272; baseline -0.005 -26"><span class='ocrx_word' id='word_1_132' title='bbox 114 2225 138 2272; x_wconf 81' lang='lat'>‚,</span> <span class='ocrx_word' id='word_1_133' title='bbox 170 2167 254 2245; x_wconf 90' lang='lat' dir='ltr'>Deo</span> <span class='ocrx_word' id='word_1_134' title='bbox 280 2136 361 2266; x_wconf 84' lang='lat' dir='ltr'>ipso</span> <span class='ocrx_word' id='word_1_135' title='bbox 387 2165 531 2251; x_wconf 66' lang='lat' dir='ltr'>aussore</span> <span class='ocrx_word' id='word_1_136' title='bbox 558 2162 809 2262; x_wconf 74' lang='lat' dir='ltr'>perdiscerem,</span> <span class='ocrx_word' id='word_1_137' title='bbox 867 2165 903 2255; x_wconf 82' lang='lat' dir='ltr'>Is</span> <span class='ocrx_word' id='word_1_138' title='bbox 927 2171 1025 2256; x_wconf 86' lang='lat' dir='ltr'>enim</span> <span class='ocrx_word' id='word_1_139' title='bbox 1045 2175 1171 2258; x_wconf 73' lang='lat' dir='ltr'>omni,</span> 
     </span>
     <span class='ocr_line' id='line_1_19' title="bbox 112 2276 714 2388; baseline -0.007 -21"><span class='ocrx_word' id='word_1_140' title='bbox 112 2336 140 2387; x_wconf 9' lang='lat' dir='ltr'>„A</span> <span class='ocrx_word' id='word_1_141' title='bbox 167 2302 219 2367; x_wconf 86' lang='lat' dir='ltr'>oo</span> <span class='ocrx_word' id='word_1_142' title='bbox 241 2292 317 2367; x_wconf 71' lang='lat' dir='ltr'>erat,</span> <span class='ocrx_word' id='word_1_143' title='bbox 340 2276 600 2388; x_wconf 81' lang='lat' dir='ltr'>prophetarum</span> <span class='ocrx_word' id='word_1_144' title='bbox 622 2278 714 2366; x_wconf 70' lang='lat' dir='ltr'>usus,</span> 
     </span>
    </p>
   </div>
   <div class='ocr_carea' id='block_1_3' title="bbox 54 2435 1191 3778">
    <p class='ocr_par' dir='ltr' id='par_1_5' title="bbox 54 2435 1191 3778">
     <span class='ocr_line' id='line_1_20' title="bbox 54 2435 1169 2546; baseline 0.005 -28"><span class='ocrx_word' id='word_1_145' title='bbox 54 2460 57 2470; x_wconf 88' lang='grc'><strong><em>·</em></strong></span> <span class='ocrx_word' id='word_1_146' title='bbox 171 2439 313 2530; x_wconf 83' lang='lat' dir='ltr'>Laudat-</span> <span class='ocrx_word' id='word_1_147' title='bbox 341 2435 528 2527; x_wconf 80' lang='lat' dir='ltr'>Rossuetus</span> <span class='ocrx_word' id='word_1_148' title='bbox 551 2443 588 2527; x_wconf 84' lang='lat' dir='ltr'>in</span> <span class='ocrx_word' id='word_1_149' title='bbox 617 2439 825 2546; x_wconf 59' lang='lat' dir='ltr'>prefatione</span> <span class='ocrx_word' id='word_1_150' title='bbox 858 2440 909 2519; x_wconf 92' lang='lat' dir='ltr'>sui</span> <span class='ocrx_word' id='word_1_151' title='bbox 939 2458 1169 2529; x_wconf 51' lang='lat' dir='ltr'>commentae</span> 
     </span>
     <span class='ocr_line' id='line_1_21' title="bbox 113 2549 1167 2662; baseline 0.003 -30"><span class='ocrx_word' id='word_1_152' title='bbox 113 2557 159 2642; x_wconf 83' lang='lat' dir='ltr'>rii</span> <span class='ocrx_word' id='word_1_153' title='bbox 181 2553 293 2652; x_wconf 87' lang='lat' dir='ltr'>Greg.</span> <span class='ocrx_word' id='word_1_154' title='bbox 310 2549 456 2652; x_wconf 78' lang='lat' dir='ltr'>Lopetii</span> <span class='ocrx_word' id='word_1_155' title='bbox 476 2568 639 2637; x_wconf 89' lang='lat' dir='ltr'>coment.</span> <span class='ocrx_word' id='word_1_156' title='bbox 662 2556 779 2662; x_wconf 86' lang='lat' dir='ltr'>quiin</span> <span class='ocrx_word' id='word_1_157' title='bbox 797 2555 927 2653; x_wconf 82' lang='lat' dir='ltr'>praefat.</span> <span class='ocrx_word' id='word_1_158' title='bbox 950 2555 1033 2634; x_wconf 87' lang='lat' dir='ltr'>edit.</span> <span class='ocrx_word' id='word_1_159' title='bbox 1052 2554 1167 2645; x_wconf 89' lang='lat' dir='ltr'>Rom.</span> 
     </span>
     <span class='ocr_line' id='line_1_22' title="bbox 112 2663 1166 2759; baseline 0.002 -15"><span class='ocrx_word' id='word_1_160' title='bbox 112 2677 316 2758; x_wconf 76' lang='lat' dir='ltr'>an.1756</span> <span class='ocrx_word' id='word_1_161' title='bbox 357 2665 489 2752; x_wconf 84' lang='lat' dir='ltr'>dicitur</span> <span class='ocrx_word' id='word_1_162' title='bbox 529 2663 752 2753; x_wconf 81' lang='lat' dir='ltr'>Rernardino</span> <span class='ocrx_word' id='word_1_163' title='bbox 792 2665 1028 2756; x_wconf 82' lang='lat' dir='ltr'>Membrive,</span> <span class='ocrx_word' id='word_1_164' title='bbox 1074 2669 1166 2759; x_wconf 79' lang='lat' dir='ltr'>iussu</span> 
     </span>
     <span class='ocr_line' id='line_1_23' title="bbox 112 2775 1170 2887; baseline 0.003 -31"><span class='ocrx_word' id='word_1_165' title='bbox 112 2781 209 2878; x_wconf 85' lang='lat' dir='ltr'>regis</span> <span class='ocrx_word' id='word_1_166' title='bbox 235 2777 305 2868; x_wconf 86' lang='lat' dir='ltr'>His</span> <span class='ocrx_word' id='word_1_167' title='bbox 299 2800 383 2879; x_wconf 86' lang='lat' dir='ltr'>pan.</span> <span class='ocrx_word' id='word_1_168' title='bbox 412 2775 528 2886; x_wconf 89' lang='lat' dir='ltr'>spatio</span> <span class='ocrx_word' id='word_1_169' title='bbox 561 2776 648 2855; x_wconf 74' lang='lat' dir='ltr'>otto</span> <span class='ocrx_word' id='word_1_170' title='bbox 678 2778 817 2862; x_wconf 85' lang='lat' dir='ltr'>dierum</span> <span class='ocrx_word' id='word_1_171' title='bbox 851 2776 1034 2887; x_wconf 73' lang='lat' dir='ltr'>perfecisse</span> <span class='ocrx_word' id='word_1_172' title='bbox 1061 2807 1170 2860; x_wconf 76' lang='lat' dir='ltr'>com..</span> 
     </span>
     <span class='ocr_line' id='line_1_24' title="bbox 112 2887 1191 2995; baseline 0.006 -28"><span class='ocrx_word' id='word_1_173' title='bbox 112 2894 358 2979; x_wconf 76' lang='lat' dir='ltr'>montorium,</span> <span class='ocrx_word' id='word_1_174' title='bbox 382 2887 502 2973; x_wconf 89' lang='lat' dir='ltr'>homo</span> <span class='ocrx_word' id='word_1_175' title='bbox 526 2889 725 2977; x_wconf 89' lang='lat' dir='ltr'>litterarum</span> <span class='ocrx_word' id='word_1_176' title='bbox 758 2901 922 2992; x_wconf 77' lang='lat' dir='ltr'>expers,</span> <span class='ocrx_word' id='word_1_177' title='bbox 964 2910 1005 2971; x_wconf 92' lang='lat' dir='ltr'>ut</span> <span class='ocrx_word' id='word_1_178' title='bbox 1036 2919 1191 2995; x_wconf 61' lang='lat' dir='ltr'>appro2·</span> 
     </span>
     <span class='ocr_line' id='line_1_25' title="bbox 112 3001 1165 3104; baseline 0.006 -24"><span class='ocrx_word' id='word_1_179' title='bbox 112 3004 219 3081; x_wconf 89' lang='lat' dir='ltr'>bator</span> <span class='ocrx_word' id='word_1_180' title='bbox 246 3003 354 3091; x_wconf 91' lang='lat' dir='ltr'>Rom.</span> <span class='ocrx_word' id='word_1_181' title='bbox 384 3001 462 3091; x_wconf 88' lang='lat' dir='ltr'>loh.</span> <span class='ocrx_word' id='word_1_182' title='bbox 492 3003 683 3094; x_wconf 87' lang='lat' dir='ltr'>Cataianus</span> <span class='ocrx_word' id='word_1_183' title='bbox 707 3005 881 3104; x_wconf 81' lang='lat' dir='ltr'>perhibet</span> <span class='ocrx_word' id='word_1_184' title='bbox 942 3005 1013 3091; x_wconf 92' lang='lat' dir='ltr'>Hic</span> <span class='ocrx_word' id='word_1_185' title='bbox 1043 3024 1165 3086; x_wconf 88' lang='lat' dir='ltr'>tamen</span> 
     </span>
     <span class='ocr_line' id='line_1_26' title="bbox 56 3110 1163 3218; baseline 0.004 -24"><span class='ocrx_word' id='word_1_186' title='bbox 56 3145 59 3152; x_wconf 94' lang='lat'>·</span> <span class='ocrx_word' id='word_1_187' title='bbox 110 3119 242 3194; x_wconf 87' lang='lat' dir='ltr'>notitia</span> <span class='ocrx_word' id='word_1_188' title='bbox 259 3139 336 3199; x_wconf 87' lang='lat' dir='ltr'>non</span> <span class='ocrx_word' id='word_1_189' title='bbox 361 3116 501 3216; x_wconf 81' lang='lat' dir='ltr'>vulgari</span> <span class='ocrx_word' id='word_1_190' title='bbox 520 3110 785 3218; x_wconf 78' lang='lat' dir='ltr'>persecutiones</span> <span class='ocrx_word' id='word_1_191' title='bbox 812 3116 973 3205; x_wconf 72' lang='lat' dir='ltr'>Ecclesia</span> <span class='ocrx_word' id='word_1_192' title='bbox 1002 3119 1163 3198; x_wconf 74' lang='lat' dir='ltr'>adenem</span> 
     </span>
     <span class='ocr_line' id='line_1_27' title="bbox 111 3227 1165 3332; baseline -0.003 -25"><span class='ocrx_word' id='word_1_193' title='bbox 111 3228 230 3332; x_wconf 87' lang='lat' dir='ltr'>Impp.</span> <span class='ocrx_word' id='word_1_194' title='bbox 249 3227 474 3330; x_wconf 82' lang='lat' dir='ltr'>persequitur</span> <span class='ocrx_word' id='word_1_195' title='bbox 496 3233 576 3330; x_wconf 82' lang='lat' dir='ltr'>post</span> <span class='ocrx_word' id='word_1_196' title='bbox 595 3229 758 3330; x_wconf 84' lang='lat' dir='ltr'>scriptam</span> <span class='ocrx_word' id='word_1_197' title='bbox 786 3230 899 3328; x_wconf 84' lang='lat' dir='ltr'>Apoc.</span> <span class='ocrx_word' id='word_1_198' title='bbox 923 3229 1007 3312; x_wconf 89' lang='lat' dir='ltr'>inde</span> <span class='ocrx_word' id='word_1_199' title='bbox 1035 3254 1054 3304; x_wconf 91' lang='lat' dir='ltr'>a</span> <span class='ocrx_word' id='word_1_200' title='bbox 1073 3231 1165 3310; x_wconf 80' lang='lat' dir='ltr'>Tra.</span> 
     </span>
     <span class='ocr_line' id='line_1_28' title="bbox 110 3333 1163 3447; baseline 0.003 -27"><span class='ocrx_word' id='word_1_201' title='bbox 110 3345 197 3420; x_wconf 89' lang='lat' dir='ltr'>iano</span> <span class='ocrx_word' id='word_1_202' title='bbox 227 3333 378 3447; x_wconf 83' lang='lat' dir='ltr'>centurn</span> <span class='ocrx_word' id='word_1_203' title='bbox 408 3343 701 3440; x_wconf 81' lang='lat' dir='ltr'>poRChristum</span> <span class='ocrx_word' id='word_1_204' title='bbox 736 3346 860 3426; x_wconf 84' lang='lat' dir='ltr'>annis:</span> <span class='ocrx_word' id='word_1_205' title='bbox 908 3364 987 3441; x_wconf 85' lang='lat' dir='ltr'>quae</span> <span class='ocrx_word' id='word_1_206' title='bbox 1010 3341 1163 3423; x_wconf 78' lang='lat' dir='ltr'>loannes</span> 
     </span>
     <span class='ocr_line' id='line_1_29' title="bbox 110 3453 1164 3553; baseline 0 -21"><span class='ocrx_word' id='word_1_207' title='bbox 110 3455 219 3532; x_wconf 86' lang='lat' dir='ltr'>habet</span> <span class='ocrx_word' id='word_1_208' title='bbox 250 3474 370 3550; x_wconf 89' lang='lat' dir='ltr'>acap.</span> <span class='ocrx_word' id='word_1_209' title='bbox 404 3465 440 3538; x_wconf 73' lang='lat'>6,</span> <span class='ocrx_word' id='word_1_210' title='bbox 483 3454 663 3553; x_wconf 88' lang='lat' dir='ltr'>usquead</span> <span class='ocrx_word' id='word_1_211' title='bbox 701 3476 759 3541; x_wconf 87' lang='lat'>19.</span> <span class='ocrx_word' id='word_1_212' title='bbox 791 3477 866 3553; x_wconf 89' lang='lat' dir='ltr'>quo</span> <span class='ocrx_word' id='word_1_213' title='bbox 902 3453 1006 3530; x_wconf 80' lang='lat' dir='ltr'>sansii</span> <span class='ocrx_word' id='word_1_214' title='bbox 1036 3460 1164 3534; x_wconf 91' lang='lat' dir='ltr'>trium-</span> 
     </span>
     <span class='ocr_line' id='line_1_30' title="bbox 109 3563 1162 3671; baseline 0.009 -31"><span class='ocrx_word' id='word_1_215' title='bbox 109 3566 226 3666; x_wconf 87' lang='lat' dir='ltr'>phum</span> <span class='ocrx_word' id='word_1_216' title='bbox 265 3576 402 3649; x_wconf 87' lang='lat' dir='ltr'>canunt</span> <span class='ocrx_word' id='word_1_217' title='bbox 441 3563 579 3650; x_wconf 77' lang='lat' dir='ltr'>alleluia</span> <span class='ocrx_word' id='word_1_218' title='bbox 611 3567 657 3649; x_wconf 90' lang='lat' dir='ltr'>de</span> <span class='ocrx_word' id='word_1_219' title='bbox 690 3564 881 3666; x_wconf 86' lang='lat' dir='ltr'>Babylonis</span> <span class='ocrx_word' id='word_1_220' title='bbox 912 3564 1162 3671; x_wconf 76' lang='lat' dir='ltr'>Romanaque</span> 
     </span>
     <span class='ocr_line' id='line_1_31' title="bbox 111 3672 1161 3778; baseline 0.004 -24"><span class='ocrx_word' id='word_1_221' title='bbox 111 3675 369 3778; x_wconf 85' lang='lat' dir='ltr'>superstitionis</span> <span class='ocrx_word' id='word_1_222' title='bbox 398 3679 529 3762; x_wconf 88' lang='lat' dir='ltr'>ruina,</span> <span class='ocrx_word' id='word_1_223' title='bbox 572 3701 652 3777; x_wconf 85' lang='lat' dir='ltr'>quae</span> <span class='ocrx_word' id='word_1_224' title='bbox 683 3672 775 3776; x_wconf 58' lang='lat' dir='ltr'>caps</span> <span class='ocrx_word' id='word_1_225' title='bbox 800 3691 861 3764; x_wconf 75' lang='lat'>18.</span> <span class='ocrx_word' id='word_1_226' title='bbox 901 3681 1161 3770; x_wconf 87' lang='lat' dir='ltr'>denuntiatur,</span> 
     </span>
    </p>
   </div>
   <div class='ocr_carea' id='block_1_4' title="bbox 109 3790 1162 3984">
    <p class='ocr_par' dir='ltr' id='par_1_6' title="bbox 109 3790 1162 3984">
     <span class='ocr_line' id='line_1_32' title="bbox 109 3790 1162 3903; baseline 0.001 -34"><span class='ocrx_word' id='word_1_227' title='bbox 109 3791 301 3903; x_wconf 85' lang='lat' dir='ltr'>postquam</span> <span class='ocrx_word' id='word_1_228' title='bbox 324 3811 402 3898; x_wconf 87' lang='lat' dir='ltr'>cap.</span> <span class='ocrx_word' id='word_1_229' title='bbox 433 3809 492 3883; x_wconf 87' lang='lat'>17.</span> <span class='ocrx_word' id='word_1_230' title='bbox 523 3806 646 3893; x_wconf 88' lang='lat' dir='ltr'>aperte</span> <span class='ocrx_word' id='word_1_231' title='bbox 676 3790 892 3874; x_wconf 83' lang='lat' dir='ltr'>manifestata</span> <span class='ocrx_word' id='word_1_232' title='bbox 913 3793 963 3871; x_wconf 93' lang='lat' dir='ltr'>est</span> <span class='ocrx_word' id='word_1_233' title='bbox 989 3798 1162 3872; x_wconf 87' lang='lat' dir='ltr'>meretrix</span> 
     </span>
     <span class='ocr_line' id='line_1_33' title="bbox 768 3921 1106 3984; baseline 0 0"><span class='ocrx_word' id='word_1_234' title='bbox 768 3921 770 3925; x_wconf 84' lang='grc'><strong><em>·</em></strong></span> <span class='ocrx_word' id='word_1_235' title='bbox 1064 3929 1106 3984; x_wconf 88' lang='lat' dir='ltr'>ac</span> 
     </span>
    </p>
   </div>
   <div class='ocr_carea' id='block_1_5' title="bbox 151 4058 331 4139">
    <p class='ocr_par' dir='ltr' id='par_1_7' title="bbox 151 4058 331 4139">
     <span class='ocr_line' id='line_1_34' title="bbox 151 4058 331 4139; baseline -0.039 -1"><span class='ocrx_word' id='word_1_236' title='bbox 151 4058 186 4138; x_wconf 74' lang='lat' dir='ltr'>a)</span> <span class='ocrx_word' id='word_1_237' title='bbox 207 4076 236 4138; x_wconf 80' lang='lat' dir='ltr'>o·</span> <span class='ocrx_word' id='word_1_238' title='bbox 261 4073 331 4139; x_wconf 77' lang='lat'>734·</span> 
     </span>
    </p>
   </div>
   <div class='ocr_carea' id='block_1_6' title="bbox 0 0 1224 4470">
    <p class='ocr_par' dir='ltr' id='par_1_8' title="bbox 0 0 1224 4470">
     <span class='ocr_line' id='line_1_35' title="bbox 0 0 1224 4470; baseline 0 4"><span class='ocrx_word' id='word_1_239' title='bbox 0 0 1224 4470; x_wconf 95' lang='lat' dir='ltr'> </span> 
     </span>
    </p>
   </div>
  </div>
 </body>
</html>
