2400 4478
122 233 204 306 ¹70·
498 203 644 303 Balsio
662 205 827 287 mihtuur
933 162 939 187 Ι

112 374 273 475 scriptor
300 368 467 449 ethnicus
496 371 685 483 perhibet.
729 370 872 456 Eodem
893 370 985 450 teilo
1009 394 1045 450 n.
1089 375 1151 453 22ss

113 510 200 565 cum
240 482 421 562 christiani
458 485 650 585 quemdam
696 485 840 571 locum,
890 487 954 586 qui
988 486 1150 585 publicus

112 600 256 684 fuerat,
293 593 532 696 accepissent,
573 612 706 675 contra
732 599 923 698 popinarii
963 597 1149 687 dicerent,

112 710 178 788 libi
202 731 287 786 eum
307 708 454 796 deberi,
477 708 648 810 rescriplit
672 713 891 815 imperator:
923 710 1053 788 melius
1071 710 1148 798 effe,

112 841 155 901 ut
179 820 528 923 quomodocunque
547 823 621 901 illic
637 822 737 906 Deus
757 824 924 908 colatur,
951 846 1063 927 quam
1086 848 1149 923 po·

113 936 265 1037 pinariis
293 934 450 1014 claretur.
509 934 611 1011 ldem
639 948 764 1015 narrat·
790 933 1044 1036 Lampridius,
1072 937 1148 1014 Ale·

112 1047 261 1125 xandro
284 1049 452 1126 animum.
475 1045 600 1134 soille,
632 1046 783 1126 Christo.
801 1049 925 1126 dicare
947 1049 1146 1148 templum3

113 1160 323 1241 cohibitum
353 1174 478 1237 autem
502 1158 605 1243 luille,
638 1161 790 1246 eodem,
820 1159 923 1261 quod
949 1178 1053 1238 antea
1081 1159 1146 1239 Ha·

113 1273 249 1351 driano
266 1271 395 1351 datum
410 1270 501 1360 luit,
536 1287 691 1371 accepto
708 1272 904 1372 responso,
932 1271 1033 1361 fore,
1057 1274 1147 1351 fauo

113 1386 189 1467 hoe
206 1386 408 1466 claudenda
419 1382 488 1463 elle
502 1385 642 1487 reliqua
653 1389 824 1465 omnium
835 1386 989 1469 deorum
1005 1386 1145 1485 templa.

113 1497 306 1584 Memorat
327 1496 502 1581 Eusebius.
519 1499 585 1581 lib,
607 1497 671 1578 Vl.
696 1519 759 1574 21.
777 1500 849 1594 (ut
867 1495 1014 1580 filontio
1026 1512 1144 1598 prete·

112 1635 239 1700 ream,
268 1636 351 1712 qua
370 1613 471 1695 idem
491 1613 613 1712 polleo
637 1635 668 1693 o
696 1630 756 1703 34
785 1609 956 1709 perhibet.
975 1610 1026 1701 de
1042 1608 1148 1689 Phili·

114 1749 198 1832 ppo
225 1729 311 1830 imp.
337 1724 535 1809 christiano
559 1728 669 1802 etiam¹
693 1727 790 1803 inter
808 1725 1058 1821 poenitentes,-
1079 1725 1146 1801 ritu

114 1837 342 1924 christiano,
379 1833 540 1929 relato)-
571 1836 759 1919 familiana
795 1832 990 1917 Mammeos
1029 1837 1145 1912 matris

114 1947 312 2026 Alexandri
340 1946 526 2051 colloquia
553 1970 641 2027 cum
676 1945 845 2046 Origene·
875 1946 926 2023 do
955 1944 1146 2027 christianis

113 2063 248 2147 rebus,
265 2062 341 2137 eius
367 2062 420 2134 rei
440 2057 542 2140 caula
568 2059 803 2138 Antiochiam
822 2062 991 2136 aecitato,
1049 2057 1146 2141 cete.

113 2175 242 2251 bratur
258 2195 374 2273 porro
389 2167 612 2271 potissimum
636 2185 885 2253 matronarum
900 2170 1093 2248 liberalitas
1111 2173 1142 2247 iu

115 2284 301 2369 ecclefiam
334 2281 542 2362 Romanam
576 2285 782 2383 imprimis:
820 2285 884 2362 ubi
918 2287 993 2360 iam·
1022 2282 1145 2363 Paulus

113 2400 242 2498 potuit
264 2396 414 2479 salutem
436 2394 575 2472 refer-re
599 2394 753 2497 Philipp.
784 2394 848 2473 tv.
881 2412 946 2475 aa.
981 2400 1144 2482 maxime,

116 2511 182 2606 qui·
211 2507 252 2583 da
281 2505 418 2607 caesoris
449 2506 553 2583 domo·
570 2506 689 2610 sunt,
715 2507 879 2584 Neronis
903 2508 1059 2601 seilicet:
1088 2510 1144 2610 qui

115 2645 206 2701 uero
239 2625 377 2722 primus
408 2620 520 2696 edilia
554 2636 680 2697 contra
711 2619 927 2708 obri-stiones.
957 2620 1085 2710 dedit,
1110 2642 1147 2697 ae

115 2732 365 2819 Domitianus.
424 2730 561 2830 Neque·
590 2749 709 2814 tamen
737 2731 865 2809 desunt
892 2733 1087 2834 exempla,
1111 2745 1144 2810 ut

117 2870 254 2924 uxores
282 2840 545 2921 lieriffimorum
580 2846 854 2945 persecutorum
880 2844 1081 2926 christiana
1105 2844 1145 2922 el·

115 2957 209 3044 sent,
228 2973 266 3036 ut
279 2954 395 3033 Poto
414 2954 660 3043 Diocletiani,
674 2956 820 3058 eiusque
833 2955 903 3034 filia
918 2955 1066 3035 Valeria
1079 2956 1149 3036 Ma-

115 3071 251 3147 arimini
279 3092 393 3155 uxor,
424 3070 515 3145 teile
546 3067 756 3148 lailantio,¹
811 3067 1025 3167 Aliquando·
1055 3069 1147 3151 Deus

117 3185 226 3258 eti-am
256 3181 447 3280 gentilium
479 3186 743 3287 imperatorum·
774 3181 956 3259 inclinavit
988 3185 1146 3268 animos,

117 3311 161 3372 ut
183 3294 307 3376 ordini
325 3293 584 3371 hierarchicoa
609 3293 757 3378 Christo
776 3293 944 3370 instituto
961 3294 1146 3378 defeneut,

117 3407 446 3508 relinquerentque·
463 3429 509 3484 ex
547 3429 658 3511 aequo
676 3421 715 3487 et
738 3406 835 3483 iusto.
856 3405 981 3483 caulas
999 3404 1144 3492 ecclelia·

119 3512 286 3606 sticarum
311 3507 581 3619 polleffionum..
638 3517 698 3596 Sic
713 3541 822 3606 cum,
851 3515 1011 3597 Eusebio
1023 3512 1146 3604 testeo)

118 3629 254 3712 Paulus.
289 3631 539 3710 Samosatenus
582 3629 792 3708 detretlaret
843 3630 964 3708 domo¹
1006 3629 1146 3712 ecclelia

119 3746 322 3832 excedere,
355 3768 430 3844 qua·
450 3745 603 3820 decreto»
621 3742 766 3820 concilii
790 3743 1015 3825 Antiochensi
1033 3748 1146 3823 cedere

120 3859 293 3948 debebat,
326 3856 539 3943 Aurelianus
555 3859 641 3957 imp.
665 3855 774 3934 saevus
796 3856 920 3956 postea
944 3858 1142 3940 christianis

1039 3969 1105 4051 ius·

159 4074 473 4168 mmmmm
