2400 4478
83 239 168 314 274
433 207 577 300 Ecclesu
601 164 761 290 militans
837 308 844 321 ,
925 301 939 317 ,Ι

83 439 106 475 ,‚
139 376 335 478 quidquam
351 397 503 461 eorum,
523 398 603 476 quae
617 375 660 452 ad
680 373 960 454 ecclesiasticum
975 362 1102 479 spedus
1136 389 1144 436 r

85 550 109 588 „
139 495 294 574 statum,
327 511 401 563 non
426 492 533 564 etiam
557 486 601 563 ad
618 488 777 565 eiusdem
804 487 957 585 (Rom.
991 489 1102 584 1¹.)1u
1136 500 1144 552 s

83 661 106 699 ,‚
136 603 271 679 seratur
295 601 576 685 beatitudinem,
607 623 692 676 cum
711 624 749 676 ea
767 600 809 677 fit
822 619 941 702 caput
959 582 1101 687 omniur
1140 613 1144 647 ¹

85 776 108 811 ‚,
139 714 209 792 Dei
228 712 475 798 sacerdotum,
508 711 562 787 vel
579 736 625 787 eo
643 715 826 800 maxime,
858 717 972 814 quod
989 726 1101 819 quoties

83 885 107 922 „
138 830 174 902 in
192 826 247 901 his
266 825 355 902 locis
372 823 527 902 haeretici
540 821 783 922 pullularunt,
804 825 988 905 sententia
1008 848 1045 908 et
1058 858 1101 912 reu

84 998 107 1034 ‚,
138 955 177 1015 to
204 936 339 1014 iudicio
362 935 455 1022 illius
475 937 684 1012 venerabilis
713 937 802 1013 sedis
821 944 984 1018 coerciti
1006 942 1094 1038 srut,

83 1052 125 1131 ln
144 1067 295 1150 utraque
306 1049 451 1149 epistola
468 1051 610 1126 unitatis
625 1071 708 1125 cum
733 1049 1093 1159 sede-apostolicam
1141 1066 1144 1109 ¹

87 1167 199 1264 cipuo
215 1161 332 1239 studio
344 1158 554 1259 significato,
575 1161 691 1237 subdit
704 1165 739 1235 in
754 1161 910 1259 epistola
923 1168 970 1242 ad
988 1193 1098 1270 papan
1137 1172 1144 1244 s

83 1335 107 1371 „
138 1277 436 1374 ideoqueomnes
449 1272 647 1349 sacerdotes
666 1272 818 1351 universi
835 1279 1030 1357 orientalis
1041 1298 1102 1360 trac·
1136 1257 1141 1334 ¹

86 1447 110 1484 „
141 1405 197 1465 tus
218 1403 254 1463 et
283 1387 476 1473 subiicere,
508 1401 543 1461 et
572 1389 674 1462 unire
700 1384 770 1461 sedi
791 1388 923 1467 vestrae
946 1389 1104 1471 tarditatis
1134 1397 1143 1446 ὓ

83 1559 108 1596 ,,
136 1502 458 1599 properavimus„
490 1495 562 1574 lam
586 1514 688 1574 antea
709 1495 962 1580 declaraverat
984 1503 1016 1581 1.·
1034 1526 1063 1597 5.
1088 1562 1103 1599 ,
1131 1483 1144 1560 s

86 1673 108 1708 ,‚
139 1614 236 1691 Com
256 1611 346 1689 resia
375 1614 502 1710 utique
528 1608 845 1708 irreprehensrbilis
876 1614 990 1704 fides,
1018 1622 1099 1717 quan
1131 1621 1144 1671 Π

86 1783 109 1820 ,,
140 1724 307 1824 praedicat
328 1724 438 1800 sanda
454 1722 520 1799 Dei
534 1723 708 1799 catholica
730 1727 987 1823 etapostosica
1009 1728 1098 1819 Ecde-

85 1896 108 1932 ‚‚
139 1836 204 1924 sra,
238 1835 339 1911 nullo
356 1834 471 1910 modo
489 1836 762 1911 innovationem
781 1839 964 1936 recipiat,
997 1843 1098 1920 nosse·
1142 1854 1144 1862 ’

80 2008 109 2044 .,,
139 1964 291 2049 quentes
307 1947 505 2022 samiorum
535 1947 810 2045 apostolorum,
833 1965 871 2026 et
890 1976 1043 2044 eorum,
1060 1955 1100 2056 qui
1135 1956 1144 2008 s

85 2120 109 2159 „
140 2061 219 2163 post
233 2082 296 2135 eos
317 2061 354 2133 in
381 2057 500 2133 sanstss
523 2057 595 2134 Dei
615 2057 766 2136 ecclesiis
789 2068 1002 2145 conversati
1021 2069 1099 2154 sunt,
1136 2042 1144 2118 ¹3

87 2232 110 2268 ‚,
141 2175 339 2270 dogmata,
370 2170 499 2248 iustum
529 2170 610 2247 sore
636 2172 948 2267 existimavimus,
996 2180 1101 2260 cundi

85 2344 109 2379 „
139 2284 361 2361 manifestum
389 2282 523 2370 facere,
554 2285 759 2385 qualiterde
776 2284 872 2374 fide,
908 2313 995 2391 quae
1012 2297 1044 2369 in
1057 2316 1101 2370 no
1138 2293 1144 2367 s

86 2454 109 2490 „
140 2399 193 2472 bis
220 2395 294 2482 est,
339 2397 551 2480 sentiamus,
590 2395 809 2483 infistentes,
842 2415 879 2476 et
915 2406 1101 2484 inhaerentrs
1139 2406 1144 2458 s

84 2569 109 2605 ‚,
138 2511 320 2586 traditioni
341 2523 376 2586 et
395 2507 604 2585 confessioni
634 2507 754 2586 sandae
777 2508 849 2587 Dei
873 2508 1042 2597 Ecclesrae
1066 2540 1100 2595 ca·
1141 2520 1144 2565 ¹

85 2681 108 2718 „
138 2621 289 2700 tholice.
308 2678 330 2714 „
389 2620 488 2698 ldenr
508 2621 530 2698 1.
564 2633 599 2698 6.
633 2621 791 2722 sequenti
806 2629 1047 2710 contestatur.

171 2783 352 2863 iustiniani
379 2780 551 2862 successor
571 2779 724 2861 lustinus
742 2778 784 2861 ll.
818 2809 914 2866 mox
935 2759 1043 2872 etiarn
1067 2812 1104 2870 ur·

83 2890 292 2976 thodoxam
319 2896 399 2991 fidei
430 2895 682 2997 profeffioneur
706 2921 768 2997 per
786 2913 914 2978 toturn
934 2908 1104 3005 publicarit

84 3013 304 3108 imperium,
336 3012 455 3109 inqua
477 3010 718 3095 contestatur,
751 3034 861 3109 pace,
892 3040 1009 3115 quam
1026 3019 1106 3098 Chri.

86 3125 158 3199 stus
178 3125 351 3198 introiens
364 3124 542 3201 muudum
557 3124 802 3208 annuntiavit,
834 3127 1019 3231 obstringi
1035 3129 1106 3208 suad
1131 3136 1144 3183 'r

85 3235 310 3312 invitandum
330 3259 518 3334 quosque,
548 3247 587 3307 ut
604 3257 718 3310 omnes
731 3236 910 3315 credentes
927 3245 969 3317 in
988 3238 1107 3320 eumad

88 3349 230 3424 eundern
241 3343 424 3434 Ecclefium
436 3347 471 3442 se
486 3343 678 3442 conferunt.
712 3344 932 3428 Faciendum
948 3355 1024 3434 hoc
1039 3357 1106 3440 suit,

87 3477 166 3537 tum
199 3462 249 3536 ob
274 3456 419 3536 haereses
446 3485 510 3559 per
537 3459 728 3538 Orientem
755 3463 939 3560 imprimis
974 3466 1106 3568 grassari.

86 3589 160 3664 tes,
192 3595 275 3649 cum
294 3575 343 3648 ob
361 3571 531 3658 schisma,
562 3572 665 3673 quod
684 3572 958 3657 occidentalem
976 3600 1106 3684 quoque

85 3683 277 3766 Ecclesram
308 3683 542 3771 distrahebat,
572 3686 632 3762 cui
655 3683 771 3762 ansam
789 3684 994 3769 antecessor
1021 3692 1106 3771 dede·

85 3819 159 3888 rat,
177 3797 371 3899 aliquando
391 3807 607 3898 psaevertens
627 3794 853 3876 ecclesiastica
874 3802 1018 3883 iudicia.
1048 3805 1107 3884 Un-

84 3915 130 3994 de
146 3916 177 3993 ei
199 3911 348 4002 accidit,
378 3901 480 4015 quod
502 3913 579 3991 aliis
598 3928 680 3989 ante
705 3934 788 3988 eum
816 3915 933 4015 impp.
965 3911 1107 3996 accidisse

883 4080 1066 4170 vidimus,
