2400 4478
203 265 350 362 regnum
373 237 499 356 Chriili
517 243 555 314 in
575 176 685 318 terris
701 261 728 320 u.
754 184 986 323 ΧΧΧῙῙΙῘΪ.Ι
1040 263 1116 337 345

67 459 108 498 „
142 397 399 501 septenarium,
431 404 663 500 requiemque
693 404 911 498 animarum,
942 426 1020 500 quaa
1054 408 1120 478 nai·

70 572 108 614 „
140 517 263 591 leriam
297 513 473 613 praesentis
504 516 581 590 ritae
608 505 850 610 subsequitur,
870 503 967 588 ¹Deo
996 514 1120 591 ducio-

81 685 113 721 „
145 653 183 703 re
208 650 455 726 wproperemus
478 678 512 716 ,‚.
584 621 715 703 lterum
762 623 821 698 hic
847 623 888 697 ad
928 621 1119 701 Danielem

78 738 305 838 prophetam
343 737 499 823 alludit,
564 733 642 810 usus
681 733 919 832 chronologia
957 752 1118 812 veterum

78 852 290 932 lutatiorum
320 848 465 927 Patrum
502 849 600 926 iuxta
636 843 757 928 LXX
793 850 891 922 iuxta
918 851 1118 946 quantiam

81 964 151 1039 sex
176 963 283 1036 rnillia
315 983 493 1034 annorum
525 952 863 1056 naorrdt-conapleta
884 965 1004 1044 erant,
1034 985 1119 1039 curn

83 1080 214 1174 priora
241 1070 402 1146 milliario
424 1070 562 1148 Christi.
597 1070 634 1144 ln
668 1070 734 1143 illo
755 1070 908 1149 versatus
930 1090 1121 1166 argumen-

88 1177 134 1261 to
167 1181 352 1261 Bolluetus
378 1183 420 1262 ad
451 1205 525 1278 cap.
552 1179 646 1263 ΧΧ,
679 1179 976 1295 Apocalyplrsst)
1007 1185 1121 1264 brevi..

90 1312 149 1373 ter
172 1298 286 1390 tangit
308 1318 374 1379 ea,
423 1318 500 1392 quaa
522 1291 617 1370 Otto
636 1291 782 1389 Frifing.
812 1317 883 1392 praa
913 1293 1028 1370 oculis
1060 1295 1123 1375 ha-.

91 1409 177 1491 bet,
214 1403 372 1483 Ecclelrae
401 1406 462 1479 sub
481 1402 641 1483 Henrico
660 1402 722 1477 tv.
750 1403 836 1490 lata,
872 1408 1000 1504 quibus
1029 1409 1121 1484 arbi.

92 1522 166 1595 trio
198 1517 375 1615 Sigeberti
402 1512 665 1595 Genablacenlrs
688 1515 795 1590 nulla
830 1542 988 1615 unquam
1019 1519 1121 1593 fune-

92 1631 197 1712 stior'a
228 1630 399 1711 fuerunt,
433 1629 634 1724 maioraque
672 1650 742 1722 prae
766 1632 934 1704 onaoibus
960 1625 1121 1708 schisma.

92 1740 416 1820 tibusintuletuut
446 1736 603 1819 Eccleuae
634 1738 732 1813 mala.
793 1738 883 1838 Legi
904 1744 996 1822 inter
1032 1740 1123 1824 alios,

95 1855 140 1927 de
180 1853 309 1927 haere
351 1851 467 1948 potest
505 1852 601 1945 apud
638 1845 832 1926 Eccardom
872 1876 973 1951 corp.
1004 1853 1118 1952 script.

94 1963 203 2046 medii
225 1966 307 2045 aevi,
332 1961 518 2037 cuono.
536 1960 757 2037 pantaleonis
774 1963 846 2060 vol.
866 1962 892 2050 t
908 1988 944 2062 p.
962 1972 1059 2052 909.
1086 1980 1137 2050 et,

95 2064 271 2185 Annalilla
296 2073 390 2149 Saxo
417 2076 462 2148 ib.
484 2098 518 2170 p.
542 2085 627 2163 576.
657 2073 750 2169 apud
769 2071 935 2174 Bouquet
957 2073 998 2163 l)
1016 2060 1122 2158 chru-

94 2191 164 2265 nic.
193 2185 310 2260 Wilh.
331 2184 495 2269 Godelli‚
521 2192 558 2257 'et
578 2186 647 2258 vita
671 2185 843 2267 Abboniu
875 2185 995 2264 Pallam
1015 2190 1122 2272 etiarn

94 2302 136 2378 in'
161 2297 301 2378 chartis'
319 2296 489 2392 leguntur
505 2295 598 2375 .haec
639 2296 768 2370 rerbaz-
825 2302 1122 2395 appropinquante

95 2412 221 2486 muntii
241 2411 401 2483 terminu.
439 2405 612 2491 Batonius
644 2411 686 2480 ad
715 2432 771 2483 ao.
796 2433 906 2494 root.
937 2412 1121 2497 observat,

96 2537 186 2602 tunc
201 2524 373 2618 temporis
391 2520 580 2601 adventum
592 2519 791 2595 Antichristi
812 2524 1010 2608 imminere,
1022 2547 1123 2621 eona..

95 2635 253 2718 muraiter
278 2632 452 2706 creditum
479 2628 595 2704 fuille:
632 2685 652 2720 „
674 2629 826 2706 Fuerant
843 2636 902 2708 illa
925 2634 1068 2726 (scribit
1085 2658 1122 2718 n,

94 2803 119 2840 „
155 2740 214 2827 r.)
244 2746 278 2840 in
299 2741 421 2821 Galliis
442 2741 686 2839 promulgata,
715 2765 755 2820 ac
774 2747 931 2840 primum
957 2743 1124 2842 praediea-

93 2914 118 2950 ‚,
150 2871 181 2930 ta
203 2852 361 2939 Parisiis,
394 2857 536 2952 iamque
559 2853 700 2949 vulgata
724 2877 785 2950 per
809 2855 957 2939 orbe-or,
990 2856 1124 2941 credita,

100 3025 123 3062 „
155 2955 470 3064 a'cooapluribum
500 2981 642 3060 accepta
670 2966 840 3054 nimirum
869 2965 1126 3065 alimpliciori-

96 3101 121 3173 3,
150 3080 214 3154 bus
233 3102 317 3153 corn
334 3079 486 3160 timore,
507 3075 759 3153 adouionbus
772 3101 858 3152 vero
879 3081 1078 3177 improbata
1089 3134 1124 3170 „.‚

99 3189 229 3277 Oculis
256 3203 343 3274 tunc
375 3186 650 3271 obversabantur
673 3187 963 3284 perturbatillima
983 3190 1046 3266 lec.
1071 3186 1126 3276 Χ,

97 3306 263 3401 tempora
293 3302 331 3374 in
359 3298 429 3397 ipsa
460 3322 539 3383 arce
560 3299 740 3376 militantis
767 3297 926 3388 Eccleliae
948 3302 1026 3385 sede
1050 3299 1128 3387 Rue.

100 3438 231 3507 mana,
262 3434 341 3512 quae
373 3413 600 3486 exacerbatos
625 3410 767 3488 aliunde
796 3412 988 3512 aliquando
1014 3415 1127 3493 sacro-

101 3525 309 3606 tumetium
338 3522 499 3623 presule-s
523 3525 558 3597 in
595 3523 832 3600 transversum
865 3540 1044 3624 egerunt,
1087 3539 1135 3612 ut,

102 3655 227 3711 rer-uua
260 3657 321 3731 per
350 3637 476 3710 orbem
506 3634 660 3710 lailot-aa.
721 3634 779 3712 Sic
799 3635 972 3717 Gallicani
1001 3633 1154 3733 praelo„

102 3745 217 3832 lesio
249 3743 348 3829 eausa
367 3743 523 3831 Eccleliae
551 3744 758 3830 Rbenaeosrs
779 3751 872 3829 inter
902 3745 1127 3845 Arnulphum

572 3855 656 3949 ll5
761 3868 764 3874 “
1038 3875 1094 3939 et.

145 4013 179 4089 a)
197 4009 232 4071 T.
250 4006 302 4070 lll.
318 4027 385 4083 opu.
402 4029 429 4086 p.
448 4028 514 4086 524.
560 4011 593 4092 l)
611 4008 734 4083 Reoueil
744 4009 795 4073 des
807 4007 958 4074 historiens
968 4012 1004 4074 de
1021 4010 1130 4074 France

169 4091 205 4164 T·-
225 4093 264 4156 X
290 4112 318 4171 P·
339 4110 407 4171 ²32.-
435 4111 500 4173 332·
667 4119 669 4126 ’
