2400 4478
206 258 358 333 regnum
392 230 579 322 Clarilli'in
605 233 714 310 terris
739 256 766 311 c.
797 232 961 315 XXVII.
1028 194 1134 330 229⁹
1163 184 1175 223 ζ’

67 458 98 498 ,,
128 402 302 498 byteros,
334 411 441 496 atque
469 399 574 472 etiam
598 395 817 495 prophetas,
846 413 882 475 et
903 400 1115 498 apostolos,·

73 568 100 609 ,‚
131 512 390 615 Christumque
430 509 520 584 adeo
539 507 650 606 ipsuin
686 510 843 586 conietla
866 502 944 609 'pro
974 513 1109 589 deliciis

73 682 99 720 „
129 623 323 699 habebunt.
384 618 472 695 Non
506 625 573 693 iam
602 620 784 694 adversum
827 646 894 697 nos
926 623 1033 698 festos
1064 647 1119 702 ac·

79 793 104 830 „
130 735 233 810 laetos
262 733 334 808 dies
361 747 487 829 agent,
519 730 608 827 legis
620 732 809 808 ›interditiu
839 736 882 809 ab
909 726 1107 813 adulterina

81 905 105 941 „
133 847 292 922 dotlrina
316 843 659 925 nos'excludentes‚
691 846 837 938 perinde
853 861 959 945 atque
983 849 1121 926 eadem,

80 1015 103 1053 „
133 981 242 1058 opera
257 956 397 1052 linguas
413 977 561 1054 quoque
579 956 711 1031 nostras
726 957 952 1051 obiteutturt:
978 1014 999 1049 „
1021 956 1107 1036 Haec
1165 962 1167 967 ’

80 1069 285 1167 Gregorius
317 1067 489 1143 Naziaoz.
520 1067 634 1140 altero
671 1066 752 1165 post'
793 1084 948 1142 murtena
984 1068 1109 1146 iuliani

77 1206 179 1258 anno
200 1193 288 1280 364.
320 1202 393 1277 quo
411 1179 539 1253 eodem
570 1201 589 1251 a
610 1174 946 1254 tuccefforibusetus
964 1181 1116 1259 notior-a

76 1317 216 1370 norum
246 1309 452 1389 temporum
480 1289 618 1363 nefaria
647 1311 791 1384 preces,
821 1304 882 1364 aut
903 1293 1029 1385 magici
1048 1316 1117 1386 ap..

78 1420 245 1504 paratus,
276 1405 530 1499 quibusquam
564 1401 720 1473 maxime
744 1399 900 1479 addidus
921 1417 995 1478 erat
1023 1400 1113 1479 luli-

77 1539 194 1596 anus.
225 1528 286 1587 aut
308 1510 566 1588 sacrificialunt
586 1512 719 1585 vetita'

140 1672 333 1750 Sacrorum
353 1671 628 1747 christianorum
648 1670 808 1770 praesules
830 1675 1031 1751 exterrebat
1057 1663 1112 1753 re-

82 1781 168 1867 cens
187 1784 378 1861 christianae
402 1783 585 1881 religionis
613 1784 810 1882 periculum
832 1786 1004 1865 aluliano
1023 1810 1111 1886 apo-

82 1900 192 1982 stata,
227 1915 266 1972 ut
298 1910 421 1975 cautos
447 1895 790 1996 circumspetlosque
811 1899 998 1975 redderent
1017 1899 1111 1977 ¹cbri-

84 2011 217 2089 llianos
244 2010 443 2106 principes3
463 2009 524 2107 qui
549 2024 666 2082 tamen
692 2008 809 2087 adhuc
832 2009 977 2110 quidem
999 2011 1112 2109 augu-

83 2146 167 2201 rum
189 2135 223 2193 et
243 2116 426 2197 flaminum
454 2117 660 2217 privilegia,
690 2144 765 2201 non
787 2120 857 2219 ipsa
874 2124 1014 2220 penitus
1032 2146 1113 2197 mu-

82 2235 140 2309 nia
164 2230 385 2314 sustulerunt,
408 2230 477 2330 ipsa
493 2222 623 2330 templa
636 2233 860 2308 annoadhuc
875 2251 964 2324 424.
989 2257 1116 2309 nume·

81 2344 275 2429 rebantur,
306 2339 509 2441 pallamque
525 2345 617 2417 circa
646 2345 771 2429 urbem
791 2345 968 2429 christiani
991 2342 1115 2420 sacrifi-

82 2458 231 2533 ciorum
249 2453 391 2531 l'umore
411 2444 722 2531 obnubilabantur.
753 2452 883 2553 Neque
900 2479 985 2530 vero
1002 2478 1114 2530 novas

82 2564 218 2646 iterum
240 2565 370 2640 radices
399 2567 539 2663 capiens
557 2563 757 2640 idololatria
785 2581 926 2665 poterat
948 2581 1018 2641 tam
1038 2568 1115 2643 cito
1154 2576 1157 2581 “

81 2700 128 2756 ac
147 2670 249 2753 facile
267 2675 387 2767 evelli3
422 2700 504 2753 cum
533 2677 607 2751 no'n
633 2673 808 2763 deellent,
841 2679 903 2778 qui
927 2674 1114 2752 Romanos

80 2789 275 2866 idolorum
298 2787 396 2864 cultu
429 2785 687 2872 definiverunt,
718 2774 1031 2887 detinueruntque.
1081 2784 1115 2863 ls

81 2924 164 3007 quo
178 2900 261 2976 loco
276 2889 383 2975 luerit
394 2921 491 2974 anno
507 2896 636 2974 Christi
655 2888 743 2998 384
764 2922 810 2973 ex
827 2897 966 2978 [ibanii
982 2898 1117 2974 oratio-

82 3037 134 3089 ne
150 3036 195 3087 eo
210 3008 305 3087 anno
322 3011 437 3086 habita
452 3010 565 3107 palam
584 3004 633 3082 fit.
694 3008 787 3102 Quo
802 3010 929 3086 eodem
948 3023 1117 3109 tempore

82 3121 325 3225 Symmachus
341 3120 521 3220 praefeiius
543 3121 639 3195 urbis
654 3144 805 3199 annonae
821 3124 1001 3201 caritatem
1017 3122 1118 3199 alias.

82 3260 161 3336 que
181 3233 395 3310 calamitates
412 3230 580 3308 consueta
599 3231 788 3327 gentilium
813 3234 990 3313 calumnia
1022 3233 1116 3310 cbri-

82 3336 204 3429 stian'is
224 3347 435 3444 iniputavit,
467 3342 568 3444 quod
595 3344 759 3419 videlicet
778 3344 906 3442 puellis
929 3344 1044 3424 Vestae
1062 3362 1120 3443 at·

80 3483 157 3561 que
189 3455 370 3532 idolorum
393 3455 631 3533 sacerdotibus
649 3452 833 3554 privilegia
854 3455 963 3534 client
984 3457 1115 3540 ablata,

81 3568 190 3648 ausus
209 3570 337 3673 etiam,
355 3566 587 3666 profanarum
603 3566 846 3665 religionum,
862 3569 979 3660 altaris
995 3566 1120 3644 Vitio..

85 3684 148 3763 riae
177 3703 217 3753 ac
247 3679 520 3780 privilegiorum
548 3679 809 3784 restitptionem
832 3678 992 3778 repetere
1015 3675 1122 3753 aVa-

85 3791 291 3868 lentiniano
314 3793 400 3889 imp.
420 3807 460 3867 ut
482 3803 579 3889 patet
591 3813 635 3864 ex
657 3790 801 3889 epistola
831 3791 862 3866 S.
882 3786 1061 3867 Anibrosri
1077 3786 1122 3881 ad

91 3892 393 3982 Valentinianum
419 3901 457 3991 a)
482 3902 542 3980 ubi
563 3897 618 3976 vel
634 3901 937 4009 hocachrilliano
957 3902 1123 4003 principe

380 4089 383 4094 .
572 4010 650 4100 P·3
798 4090 801 4096 ,
948 4076 950 4080 .
993 4017 1067 4112 peti

131 4117 684 4201 a)Cl.l.ep.17.n.9.p.826a
