2400 4478
67 268 71 273 .
126 196 184 279 ια’
474 189 616 286 noceto
643 190 801 272 militans

121 358 217 456 Mon
244 355 441 452 intelligetis
469 377 497 431 o
504 352 625 452 sanilo
644 355 846 452 prophetico
865 353 1002 453 spiritu
1034 356 1163 435 Dorici-

130 494 217 550 num
249 472 354 544 ctiam
385 468 539 554 vocari,
578 476 611 541 et
641 466 794 544 nl’otrc
822 473 976 543 omnium
1005 468 1161 547 Domino

131 582 274 660 sternis
299 579 471 665 evocari,
496 588 545 658 ..ct
573 577 620 653 od
640 575 741 675 ipfius
773 578 936 654 dextram
960 580 1160 670 collocari,

130 695 235 772 donoc
263 687 374 765 Pater
396 703 506 786 ponat
534 691 693 765 inimicos
716 689 893 780 scabellum
919 691 1045 786 penum
1073 696 1159 770 cius.

128 801 235 906 Quod
255 794 483 899 qnidcm‘iom
506 801 586 876 inde
606 799 655 896 stt
676 824 720 876 ex
743 825 808 896 quo
837 805 876 876 in
900 801 1019 878 eunom
1046 804 1161 903 oscen.

128 918 182 993 die
206 914 392 992 redivivus
425 937 469 988 cx
491 917 640 988 mortuis
671 911 718 988 D.
747 911 796 987 N.
826 909 855 989 l.
892 914 952 990 Ch.
982 921 1160 991 currenti-

128 1023 192 1106 ius
219 1026 267 1100 ool
276 1023 386 1120 finem
421 1021 654 1121 temporibus,
699 1025 837 1119 luneque
864 1048 902 1101 co
929 1022 1158 1121 proforibus

128 1135 280 1225 adstante
301 1156 320 1222 ,·
352 1128 413 1233 qui
440 1137 550 1230 impio
577 1146 610 1211 ct
641 1130 789 1232 nefando
808 1137 848 1210 in
873 1135 1077 1230 Altiffimum
1106 1138 1164 1214 lo·

128 1260 272 1327 cutueus
302 1243 354 1333 cll.
411 1245 464 1322 Ut
490 1249 560 1322 iam
595 1245 678 1321 alibi
706 1251 742 1323 in
766 1243 997 1344 stochyologio
1022 1247 1077 1324 Dc
1093 1249 1160 1347 sue

128 1359 230 1440 ntimo
254 1361 293 1434 in
327 1354 517 1452 Evangelio
557 1354 683 1463 Christi
714 1381 758 1432 ex
789 1356 949 1437 Patribus
984 1384 1058 1436 rem
1095 1364 1159 1438 de.

128 1472 253 1549 clacavi
286 1465 434 1546 adeam
456 1465 593 1547 ‘Christi
622 1464 858 1545 intentionem
879 1526 889 1556 ,
937 1485 976 1548 ut
999 1475 1156 1549 incertos

127 1606 196 1660 nos
222 1597 257 1658 et
289 1577 469 1682 suspensos
498 1579 543 1658 de
571 1577 635 1659 luo
661 1579 807 1659 terribili
831 1580 997 1662 Adventu
1038 1587 1157 1661 conti·

126 1705 239 1772 neret.

181 1852 297 1933 Facile
329 1856 417 1930 tune
457 1852 519 1930 lob
557 1852 707 1932 ethnicis
745 1855 1022 1954 imperatoribus
1053 1857 1154 1951 ‘diras

15 1968 17 1975 '
125 1962 413 2070 persecutiones,
443 1978 645 2051 tormenta.
676 1981 711 2043 et
738 1984 871 2044 mortes
898 1959 1046 2070 perpelli
1068 1958 1155 2047 lide-

126 2081 196 2166 les,
227 2078 440 2154 calamitates
466 2090 503 2152 et
530 2075 684 2176 pericula
714 2077 982 2156 noviffimotum
1011 2088 1154 2179 tempo.

127 2213 209 2268 rum
234 2192 271 2265 in
299 2190 459 2264 animum
480 2185 542 2263 sobi
563 2179 804 2282 inducebant3
834 2183 996 2266 Nerones
1021 2181 1156 2268 redivi-

125 2325 220 2386 vos.
269 2298 377 2378 Ceios
411 2300 478 2375 &c
518 2297 751 2378 Antichristus
781 2302 832 2376 ob
859 2299 991 2376 oculos
1024 2302 1155 2399 polue-

108 2420 233 2492 cunt:
263 2410 371 2488 veluti
394 2409 496 2489 ludas
518 2410 652 2510 Syrus,
680 2409 832 2491 Eusebio
853 2413 1018 2498 testante,
1045 2408 1155 2492 Seue.

122 2545 246 2601 uerum
266 2524 351 2622 imp.
384 2523 419 2597 in
446 2521 654 2599 christianos
680 2520 720 2612 o)
735 2523 911 2598 fatentem
935 2545 1057 2600 coram
1089 2525 1154 2603 ha-

121 2637 234 2720 bens',
266 2632 406 2709 dumio
429 2629 616 2710 Danielem
633 2647 918 2718 commentatur,
942 2638 1152 2734 proximum

122 2747 187 2824 fibi
212 2746 317 2821 finxit
340 2744 625 2832 Antichristum,
663 2740 774 2840 ocios,
818 2758 858 2821 ut
881 2746 925 2822 de
955 2771 1003 2822 eo
1030 2746 1150 2849 loqui·

122 2871 183 2939 tur
216 2855 250 2934 S.
295 2853 540 2954 Hieronymus
576 2859 613 2931 in
646 2854 745 2932 catal.
786 2855 915 2958 Script.
946 2859 1151 2954 magnitudo

119 2964 364 3070 persecutionis
375 2958 578 3062 profantem
603 2967 726 3041 mundi
751 2967 956 3045 miscebatur
972 2970 1148 3065 occasum,

124 3098 165 3162 ut
190 3083 260 3157 iam
284 3076 460 3154 Pamelius
486 3078 529 3154 ad
558 3075 704 3155 similem
731 3077 943 3156 Tertulliani
970 3081 1091 3158 locum
1110 3082 1152 3158 dc

122 3183 334 3279 Antichristo
359 3189 432 3263 inm
472 3186 646 3276 inflante,
689 3200 724 3266 ct
746 3193 784 3264 in
806 3186 1038 3288 sanguinem,
1080 3215 1152 3268 non

117 3303 281 3403 pecunius
296 3299 418 3376 hiante
445 3297 720 3387 Chrilinnorum
735 3304 920 3376 annotavit
935 3300 978 3375 ad
993 3326 1066 3397 cap.
1087 3318 1151 3391 13.

120 3417 162 3492 cli
175 3411 270 3513 fugo
298 3413 337 3487 in
371 3408 614 3508 persecutione.
672 3409 830 3487 Viciffim
874 3433 960 3484 vero
995 3413 1152 3506 gentiles

120 3515 354 3628 publicorum
372 3514 462 3599 tnnc
481 3516 720 3598 calamit-atum
758 3519 895 3595 caulam
925 3521 961 3594 in
993 3521 1152 3599 christia.

118 3664 188 3716 nos
214 3635 413 3718 iactabant,
468 3632 568 3732 quod
591 3632 640 3705 eu
668 3630 701 3706 S.
728 3629 899 3727 Cypriani
919 3647 1045 3707 contra
1075 3632 1153 3712 De.

116 3752 331 3829 metrianum
366 3742 674 3842 argumentum.
709 3741 789 3818 *ubi
831 3744 864 3818 ei
911 3738 1158 3823 senescentem*

260 3858 263 3862 ‘
481 3854 489 3865 ’
1025 3860 1095 3936 iam

154 4018 189 4092 a)
210 4011 272 4077 Lib.
296 4006 344 4070 vl.
368 4003 429 4068 hili.
453 4012 481 4069 ci
502 4011 532 4071 6.
571 4011 573 4016 ’
