2400 4478
91 227 179 305 234
464 202 607 300 lactere
630 206 792 287 murram

87 392 269 470 paganos.
301 366 431 472 quibus
451 369 703 448 convertendis
720 367 873 448 sedulam
896 393 1048 471 operam
1066 368 1121 452 da.

8 464 30 491 ‘
89 483 149 559 bat
176 479 281 560 millis
309 483 524 586 presbyteris
561 482 746 567 monachis
777 484 999 582 prasertim,
1027 509 1117 587 quos

88 593 275 671 irentidern
311 592 357 669 ad
382 595 617 673 constantiam
653 595 904 677 corroborarit
926 596 981 673 ob
1008 600 1118 676 maxi-

87 728 163 780 mas
189 702 343 783 obiellas
370 701 617 794 difficultates.
648 729 690 783 ac
717 729 912 795 aerumnas‚
944 731 1034 808 quas
1060 709 1114 786 su·

88 816 215 893 {linere
243 813 421 895 debebant
451 813 635 915 Evangelii
663 840 845 917 precones
873 842 894 894 a
923 820 1117 918 gentilibus

87 928 125 1003 iu
154 925 315 1006 furorem
342 927 447 1014 silim·
475 946 583 1029 atque
609 931 645 1005 in
674 927 875 1007 monachos
904 930 1115 1031 insurgenti·

85 1037 165 1116 bus.
224 1035 310 1117 Haec
331 1039 375 1116 ad
405 1041 501 1117 initia
529 1038 593 1119 seo
621 1038 667 1119 V.
695 1044 897 1142 pertinent,
928 1066 1010 1143 quo
1036 1067 1108 1140 pro·

85 1148 274 1250 grediente
297 1173 343 1229 ex
357 1151 513 1229 -dccreto
534 1151 678 1230 concilii
702 1150 923 1250 Carthagine
951 1153 1110 1232 celebrati

85 1261 131 1339 ad
157 1260 366 1344 Honorium
386 1287 442 1341 au.
466 1274 558 1356 408.
583 1264 690 1361 legati
714 1264 794 1342 suut
818 1262 933 1353 miffi,
968 1263 1109 1365 praelldi

84 1398 149 1454 utu
175 1399 359 1476 opemque
377 1375 585 1477 postulaturi
604 1388 731 1453 contra
750 1398 912 1475 paganos
926 1395 966 1456 et
979 1379 1107 1457 haereti·

84 1509 171 1572 cos‚
202 1495 266 1589 qui
288 1487 387 1585 leges
416 1491 453 1567 in
468 1487 501 1565 le
526 1487 797 1588 promulgatas,
829 1488 1033 1566 Stilichone
1051 1513 1104 1567 ex·

84 1598 217 1688 tintlo.
248 1596 375 1682 collare
391 1599 689 1684 contendebant,
730 1622 823 1699 quos
850 1601 1005 1699 quidem
1031 1618 1107 1681 tuno

83 1709 257 1790 dedocuit
270 1734 434 1789 errorem
447 1712 527 1811 lege
536 1723 602 1811 46.
618 1706 843 1790 coolheod.
856 1712 902 1788 de
916 1711 1039 1791 haeret
1053 1739 1102 1790 ao.
1135 1802 1139 1808 ,

83 1843 176 1921 409.
192 1821 285 1898 data.
344 1822 390 1902 At
413 1845 498 1900 sero
520 1845 565 1900 ex
586 1823 743 1902 concilio
760 1822 1038 1922 Carthagiueuli
1055 1850 1102 1904 ao.

82 1955 182 2030 4ιο.
190 1928 235 2021 ,0)
245 1933 399 2018 constat.
421 1932 456 2011 id
477 1938 652 2034 temporis
667 1953 813 2013 cautum
832 1934 876 2009 ab
896 1939 1104 2038 imperatore

78 2041 177 2133 effe.
207 2066 250 2122 ne
261 2050 339 2142 quit
357 2041 422 2145 nili
432 2042 545 2121 libero
562 2045 744 2124 voluntate
758 2041 956 2132 chriilinrrae
971 2040 1104 2146 religio-

81 2148 139 2232 nr's
153 2153 284 2233 cultum
300 2154 571 2254 umplalleretur.
602 2156 717 2257 Quod
735 2156 900 2257 quidem,
929 2177 972 2238 ut
994 2161 1104 2243 oblat.-

83 2283 169 2344 rant
184 2268 356 2348 rudiores·
371 2272 449 2348 vitre
479 2268 512 2351 S.
529 2267 719 2370 Augustini
744 2267 839 2359 l)ad
861 2270 999 2349 calcem
1026 2296 1103 2374 opp

83 2401 154 2455 non
164 2377 264 2457 uliud
274 2391 373 2466 erut,
394 2403 498 2477 quom
513 2383 627 2457 crivit
641 2380 846 2480 religionem
860 2382 1103 2483 quamlibrtst-

84 2490 211 2589 prandi
224 2494 397 2588 optionem
418 2490 640 2590 relinquere.
661 2516 723 2570 nac
747 2516 816 2569 non
837 2494 960 2572 eudem
982 2512 1100 2594 opert,

82 2605 254 2702 quidquid
279 2603 327 2681 orl
350 2604 535 2681 cumdium
554 2616 684 2682 eontra
708 2603 883 2683 hereticos
907 2621 1103 2704 paganum

81 2715 301 2803 constitutum
315 2713 463 2815 fuerat,
484 2721 680 2817 antiquare.
715 2704 880 2795 Afferuut
897 2719 1035 2799 ibidem
1047 2717 1105 2799 Bt·-

82 2833 175 2908 ronii
199 2829 463 2917 coniecturam,
494 2829 612 2930 legem
632 2830 826 2909 cantatam
846 2827 934 2917 else,
967 2856 1014 2909 ne
1029 2831 1104 2910 Du·

81 2942 222 3018 natistas
233 2953 269 3016 et
284 2940 437 3042 gentiles
455 2943 616 3039 priorum
628 2943 752 3042 legum
767 2941 948 3020 severitate
962 2943 1101 3022 offlillos

80 3052 148 3130 illis
167 3053 392 3152 temporibus
415 3051 603 3134 abalienari
634 3055 679 3131 ab
698 3051 892 3140 Honorio,
924 3071 1036 3157 atque
1061 3053 1103 3134 ad

79 3163 189 3244 Attali
204 3180 320 3265 partes
333 3165 470 3243 traduci
482 3170 735 3265 contingeret,
755 3166 818 3266 qui
832 3167 876 3242 ab
895 3164 1040 3249 Alarico
1051 3192 1103 3246 an.

72 3295 174 3372 409.
209 3278 412 3377 imperator.
424 3277 668 3379 proclamatus
695 3277 818 3356 fuerat
878 3276 968 3372 Qua
1000 3284 1047 3358 de
1070 3303 1104 3357 re·

66 3388 255 3491 'quidquid
274 3385 336 3477 fit,
366 3387 484 3489 legem
506 3414 584 3467 earu
605 3387 794 3471 Honorius
829 3413 928 3468 anno
948 3390 1101 3494 sequenti

78 3500 244 3578 instiuclu
272 3497 415 3579 Parrum
434 3501 684 3582 Africanorum
716 3497 889 3580 cassavit..
924 3502 961 3582 S.
986 3506 1102 3606 Augu·

79 3613 189 3692 stinus
223 3636 330 3699 vero,
374 3627 499 3690 contra
535 3637 695 3713 paganos
721 3630 930 3713 temporum
960 3616 1114 3697 illorum-

79 3726 296 3805 calanritatet
322 3720 515 3823 christiana
539 3725 725 3825 religionis
752 3724 867 3805 cultui
907 3727 1103 3808 adscriben-

80 3856 152 3926 tes,
185 3862 264 3915 nou
277 3835 394 3915 solum
416 3839 487 3943 iple
500 3836 611 3917 libros
640 3838 686 3919 de
714 3839 857 3916 civitate
874 3832 1101 3944 Deiscriplit.

433 4002 437 4009 ·
926 3976 1056 4035 Verum

120 4053 154 4133 e)
177 4040 248 4119 Cod.
277 4052 348 4119 Cro.
376 4053 462 4120 Afric.
489 4041 561 4137 107⁸:
621 4053 654 4134 l)
675 4050 725 4120 tit.
749 4048 798 4117 Vl.
823 4071 854 4118 o·-
875 4070 905 4135 7.

644 4177 652 4191 ἱ
