2400 4478
153 210 306 333 ‘regnum
332 224 462 325 ‘coristi
485 233 524 309 in
552 233 669 313 terris.
691 255 718 313 e.
740 232 826 317 XX.
942 257 1016 329 133

61 394 134 494 'pfis
158 397 261 473 ciavis
288 397 432 495 epistola
460 395 549 481 hac,
581 408 616 470 et
643 397 862 495 sequentium
893 399 1029 497 episto.

61 533 104 585 nn
126 509 276 606 epilogo
299 522 438 584 notata:
481 506 522 593 b)
551 505 625 608 Qui
655 510 810 592 uicerit,
838 507 883 595 fic
904 508 1024 600 eniie-

73 617 283 706 ortamentis
308 617 395 694 attan
414 621 480 694 &o
516 616 581 709 Et3
617 615 688 719 Qui
710 621 867 704 vicerit,
884 617 1025 716 faciam

61 729 307 806 rotumnam
342 733 380 805 in
408 727 534 825 templo
561 728 628 806 Dei
650 731 745 814 mai,
776 741 809 804 et
831 726 938 826 foras
954 755 1025 809 non

61 843 188 919 nitetur
217 837 391 937 amplius,
421 853 454 916 et
474 838 629 939 scribom
652 839 756 936 snper
788 865 866 917 eum
899 867 1026 920 nomen

88 957 157 1029 mei
169 1010 179 1039 ,
222 965 255 1028 rt
277 976 402 1027 nomen
427 956 585 1028 ciuitatis
614 951 684 1027 Dei
711 954 781 1026 mei
804 976 902 1029 nove
923 956 1025 1031 Ieru·
1075 947 1083 958 ’

61 1091 114 1151 m,
147 1089 218 1160 pne
245 1064 412 1160 descendit
443 1067 482 1140 rie
517 1059 600 1142 telo
624 1088 647 1140 n
671 1063 742 1140 Deo
768 1087 862 1148 meo,
908 1078 941 1140 et
964 1090 1025 1142 no.

61 1202 68 1250 r
96 1200 212 1250 meum
236 1199 376 1253 nonum.
436 1173 480 1254 Et
504 1178 684 1252 demum:
720 1173 796 1278 Qui
817 1177 947 1251 vicerit
964 1179 1026 1253 dn-

61 1293 93 1364 e-t‘
105 1289 226 1385 sedere
254 1290 292 1360 in
322 1288 447 1364 throno
476 1307 578 1362 ment
595 1283 687 1379 secut
711 1299 746 1364 et
773 1308 834 1382 ego
852 1289 953 1372 vici,
991 1300 1026 1365 et

61 1396 1106 1499 'mmmeQO'

63 1535 137 1597 em,
170 1510 316 1598 audiat,
348 1509 433 1606 quid
451 1508 607 1606 spiritur
636 1507 729 1585 ditat
745 1506 896 1596 ecckfiin

61 1672 206 1770 iingulae
231 1672 283 1753 hae
317 1673 541 1752 uincentibus
572 1671 668 1752 fana
702 1669 1025 1775 prenistinam&

61 1783 180 1865 :testam
208 1783 416 1866 militantem
445 1801 677 1869 revocantur,
709 1783 884 1883 posterior
915 1776 1022 1863 etiam

68 1895 347 1994 triumphantem
381 1896 425 1976 de
458 1895 491 1978 se
518 1898 720 2003 pertinens:
762 1912 873 1994 prout
900 1898 1024 1974 omnia

61 2032 160 2107 aceps
190 2011 225 2087 io
257 2005 468 2107 Apocalypsi.
496 2032 514 2086 a
538 2011 652 2105 capite
680 2028 716 2100 4.
743 2004 790 2084 [ic
812 2008 1024 2113 prophetice

61 2120 247 2204 dicantur,
303 2139 342 2199 ut
373 2119 473 2199 finani
500 2119 608 2199 veluti
633 2119 800 2198 historica
820 2121 1025 2194 narratione

69 2232 194 2312 oculos
224 2245 405 2329 ponantur
430 2233 533 2310 nobis
553 2233 626 2309 iam¹
647 2230 748 2329 plura
769 2230 848 2330 post
874 2229 1027 2329 septem-

61 2344 110 2417 im
142 2342 254 2423 secula
282 2345 399 2441 pervia
427 2340 541 2424 aBen.
567 2339 737 2421 nanneto
764 2342 942 2440 postrema
959 2338 1028 2437 hac

64 2468 96 2528 te
135 2453 242 2530 solide
272 2453 465 2554 explanata,
484 2455 693 2554 cumprimis
716 2468 752 2528 et
776 2453 925 2550 operose
946 2507 958 2540 ,
990 2465 1026 2528 et

61 2566 172 2644 teum
192 2589 306 2665 nuper
330 2564 559 2647 aPastorinio
580 2562 758 2641 cathoiico
779 2562 916 2658 Angliae
931 2561 1026 2667 pres-

61 2701 152 2753 :erot
185 2680 245 2775 qni
278 2679 457 2754 excitante
487 2677 530 2752 ad
557 2675 635 2754 hoc‘
663 2673 742 2774 ipso
773 2671 960 2757 tenuero.
990 2686 1026 2753 et

61 2809 89 2863 aa
113 2787 231 2897 passim
262 2792 414 2871 excitat,
446 2781 679 2885 animumque
707 2785 805 2865 addit
829 2786 871 2861 ad
893 2785 1028 2885 reliqua

61 2921 78 2975 n
119 2916 285 2998 tempore⁴
318 2896 555 2984 edisserendo,
598 2921 675 2999 quae
704 2897 825 2976 adhuc
865 2895 1027 2976 involuta

61 3025 80 3084 t
101 3012 300 3111 prophetiae
327 3011 461 3109 peplo,
506 3013 591 3093 duna
622 3009 789 3113 paulatim
818 3007 910 3095 sese,
949 3033 1029 3109 quae

61 3116 116 3206 too
145 3123 297 3210 restant,
328 3122 503 3203 evolvunt
533 3140 697 3222 tempora
717 3121 973 3224 apocalyptica.

61 3276 108 3359 Er
150 3283 327 3381 Zwinglii
368 3282 593 3360 ieiiatoribus
627 3282 874 3381 Bullingetunr
912 3281 1030 3361 secum

66 3401 153 3471 niani
190 3396 335 3493 impetii-
365 3397 549 3474 iotetitum
576 3399 611 3470 'm
641 3394 858 3494 Apocalypsr
880 3396 1033 3471 statuen-

61 3528 76 3576 n
120 3505 306 3584 Boffuetns
346 3504 460 3591 finit,
521 3531 586 3583 nos
628 3505 871 3582 Sebastianum
907 3506 1032 3603 Meyer

61 3619 175 3716 ringlii
193 3619 402 3717 discipuium
424 3616 653 3694 eeclenastem
666 3615 899 3703 Beruensenr,
930 3618 1034 3694 coint

61 3733 281 3813 nimentariua
309 3732 347 3804 in
384 3728 622 3829 apocalypfin
650 3730 758 3808 ueluti
789 3725 1035 3827 complemen-

61 3845 382 3920 nannotationum
414 3839 591 3941 Zwingiii
613 3843 651 3918 in
681 3838 871 3938 Evangelia
894 3853 930 3914 et
960 3837 1036 3938 epi·
1080 3943 1081 3947 Ἴ

445 3951 462 4030 l
592 3972 594 3977 ’
633 4021 635 4025 .
910 3949 981 4026 sto·
1089 3958 1092 3965 '

61 4053 77 4132 t)
99 4059 187 4138 ipae.
212 4056 264 4121 ΙΙΙ.
291 4078 318 4135 ς.
494 3973 512 4044 3
