2400 4478
218 230 367 308 reguum
396 206 577 310 Ciridit‘n
596 210 706 288 terris
723 229 751 289 r.
774 206 942 287 XXXII.
1035 214 1112 303 2'85

76 419 474 442 *danum-a·-
481 417 1124 441 *humb-*mm

342 548 595 633 Cueur
653 548 865 634 XXXII.
1023 542 1029 552 ’

87 685 205 812 &ntur
233 725 376 822 Ecclesia
397 729 551 830 fideiqne
576 731 777 808 orthodoxe
803 735 842 806 in
876 731 1025 808 Oriente
1053 725 1123 810 coi·

144 841 334 941 senescens,
357 838 488 942 arctim
502 861 569 940 per
588 845 719 942 setium
740 843 1061 936 Maiumetunem,

221 990 224 995 ·
272 961 311 1032 in
334 955 518 1034 Occidente
545 956 736 1054 accrescens
756 956 827 1056 fet.
855 953 944 1033 Vss.

81 1061 262 1233 Ineunte
286 1117 352 1196 sec.
367 1111 451 1197 Vll.
471 1109 742 1224 S.Gregorium
766 1121 913 1197 monuit
936 1117 1123 1197 Maximus

71 1245 73 1249 ⁴
159 1231 383 1308 Salonitanue
400 1255 457 1331 ep.
472 1231 516 1307 de
532 1231 686 1319 Selenis,
719 1255 781 1332 per
801 1230 967 1309 Histriam
984 1233 1134 1320 aditum

84 1341 151 1419 fibi
169 1345 204 1416 in
221 1342 353 1418 ltaliam
370 1344 590 1442 parantibus.
646 1344 700 1419 Ad
718 1344 873 1420 eundem
896 1367 1046 1444 quoque
1060 1367 1125 1417 an·

83 1479 179 1531 nuru
196 1452 371 1532 Batonius
393 1455 519 1538 refert,
551 1478 630 1554 quae
654 1454 782 1557 Paulus¹
807 1454 981 1531 diaconus
1007 1467 1127 1530 narrat

82 1568 133 1642 de
153 1568 353 1663 irruptione
381 1568 416 1641 in
441 1563 618 1642 Venetam
640 1569 862 1664 provinciam
879 1567 967 1643 falla
990 1562 1122 1644 aClra·

85 1700 191 1776 gano
221 1678 376 1753 Avarum
404 1701 514 1775 rege,
558 1679 773 1777 quibuscum
800 1679 938 1779 semper
961 1679 1034 1756 fere
1058 1703 1125 1777 pu·

63 1787 277 1893 ugnandum
308 1792 343 1864 in
384 1787 538 1868 Oriente
563 1789 632 1867 fuit
663 1784 839 1895 Mauritio
879 1795 966 1890 imp.
995 1812 1127 1891 parunt

88 1924 177 1976 vero
213 1901 329 1977 eidem
363 1898 546 1981 Occidens
572 1902 700 2003 (quod
732 1902 963 1987 vehementer
997 1902 1126 1979 afflixit

87 2014 123 2090 S.
142 2011 393 2111 Gregorium,
447 2030 555 2113 atque
587 2016 839 2114 expostulandi
879 2029 1008 2118 contra
1037 2038 1124 2091 eum
1157 2030 1160 2036 ’

86 2127 184 2226 apud
212 2123 369 2201 Phocum
396 2127 471 2202 eius
503 2124 735 2204 successorem
769 2128 837 2205 tuit
865 2123 994 2213 causa)
1028 2149 1125 2203 curae

83 2239 177 2320 fuit,
201 2238 287 2314 dum
307 2235 556 2336 Longobnrdi'
570 2238 701 2340 aliique
724 2241 861 2317 barbari
882 2237 1039 2324 ltaliam,
1072 2236 1125 2315 Si·

86 2351 227 2433 cilium,
250 2350 470 2437 Sardiniam,
491 2348 709 2427 Dalmatiam
726 2345 1005 2452 depopulantur.
1028 2343 1125 2450 Qun·

83 2461 173 2538 liter
191 2463 403 2556 quotidianis
413 2460 566 2556 gladiis,
595 2473 630 2536 et
648 2467 788 2559 quantis
804 2456 1121 2559 longobardorum
1192 2556 1196 2564 ¹

82 2571 361 2661 incertioribus,
393 2596 465 2649 ecce
483 2577 556 2648 inm
578 2590 644 2670 per
661 2577 816 2672 triginta
840 2577 992 2671 quinque
1015 2595 1126 2648 unno-
1169 2629 1171 2633 ,

85 2708 171 2764 rum
192 2683 445 2778 longitudinem
464 2681 686 2781 premimur,
716 2687 819 2761 nuliis
842 2674 982 2783 explere
991 2681 1126 2782 sugge-

84 2792 207 2888 tronis
235 2796 377 2872 vocibus
411 2795 604 2884 ualemus,
658 2798 701 2874 ad
737 2791 896 2899 Phocum
920 2794 959 2886 n)
979 2796 1123 2885 scribit,

86 2913 151 3011 qui
169 2932 224 2985 an.
247 2921 337 2985 602.
359 2908 580 2986 lllauritium
595 2909 732 3015 throno
748 2910 904 2996 deiecit,
938 2933 1022 2987 cum
1043 2899 1132 2985 filiii

84 3019 324 3106 crudeliffinie
352 3022 581 3099 trucidatum.
641 3021 737 3100 Cum
768 3020 942 3099 Mauritio
964 3021 1051 3122 dum
1073 3021 1128 3100 ob

84 3141 197 3211 vitam
221 3135 450 3210 monasticam
472 3133 684 3212 simultatem
708 3123 909 3221 habuisset,
940 3150 980 3212 ut
1006 3124 1126 3211 fanno

85 3245 176 3324 huic
195 3246 358 3322 instituto
374 3250 390 3342 (
401 3246 500 3346 quod
526 3245 707 3344 superiore
724 3243 843 3324 seculo
866 3240 899 3324 S.
914 3238 1125 3326 Benedictus

83 3363 158 3436 iam
192 3362 298 3434 etiam
336 3375 435 3434 extra
470 3357 607 3435 ltaliam
643 3362 677 3433 in
712 3357 828 3436 Sicilia
859 3382 925 3459 per
959 3354 993 3438 S.
1017 3357 1127 3438 Placi-

84 3473 199 3555 dum,
229 3486 264 3546 et
289 3470 402 3548 Gallia
424 3495 487 3570 per
513 3470 548 3548 S.
567 3465 737 3550 Maurum
757 3472 1039 3571 propagaverat,
1071 3474 1126 3570 ip·

83 3575 120 3661 se
157 3580 415 3680 &Gregorius
438 3577 531 3672 ialin
562 3583 690 3682 Anglia
717 3607 781 3684 per
819 3583 854 3661 S.
881 3578 1123 3680 Augustinum
1163 3640 1172 3657 ,

84 3712 123 3772 et
158 3687 302 3784 socios>
330 3695 552 3774 securitatem
589 3696 791 3799 praestaret,
833 3688 1034 3789 concilium
1065 3709 1126 3771 en.

86 3818 183 3886 601.
213 3807 412 3885 celebravit.

862 3906 1068 4000 ‘Mortuur

127 4078 163 4163 a
185 4071 247 4149 m.
272 4067 367 4186 ient
382 4089 427 4164 ep.
455 4093 503 4166 u·
571 4078 605 4164 t)
625 4072 664 4150 r.
688 4070 723 4144 t.
745 4044 798 4142 u·
814 4064 905 4144 tau
922 4068 1011 4156 uo.
1036 4067 1091 4138 aa.
