2400 4478
134 205 219 298 {94
351 212 354 219 ·
480 173 625 274 desierit
652 172 819 276 militum

134 345 179 425 ad
203 343 236 421 se
262 340 365 420 etiarn
395 343 550 442 pervim
581 341 758 430 trullum,
788 355 906 442 neque
929 353 1051 419 tamen
1075 358 1162 427 tunt

136 459 211 536 eius
243 455 506 539 constantiam,
550 453 726 553 quidquid
753 453 967 542 moliretur.
997 454 1162 554 frangero

136 568 276 670 potuit.
308 588 425 664 neque
453 566 557 640 etiam
581 560 667 644 Ohi.
725 562 967 642 Celhttamen
995 569 1159 666 tandem,

138 682 191 762 uti
224 679 330 753 etiam
360 673 521 753 Liberius
539 674 575 753 P.
602 699 644 751 ac
670 674 808 752 senecio
847 675 1160 777 magnusgosrus,

134 788 222 869 olim
258 787 321 864 sub
350 785 574 864 Maximiano
601 810 669 885 pro
698 786 828 864 Chrilli
854 791 1004 863 nomine
1028 789 1161 887 pallum

136 899 195 976 [εά
220 897 383 975 infractus
410 899 502 973 stetit
536 896 570 974 S.
591 896 820 986 Athanallos,
851 897 1161 998 eique-succentu..

136 1013 247 1088 riatur
276 1009 321 1091 S..
342 1007 516 1086 Hilarius:
562 1009 710 1107 dequo
739 1032 869 1107 anceps
898 1012 977 1111 quis
1006 1010 1155 1101 haereat.

17 1166 20 1172 2
137 1121 263 1224 plusne
284 1121 500 1198 orthodoxa
517 1116 599 1196 fidei
616 1121 652 1194 in
672 1120 802 1209 exilio,
827 1145 871 1197 an
890 1123 924 1196 in
946 1125 1059 1222 patria
1078 1149 1156 1226 pro-

136 1231 270 1313 luerit?

192 1340 336 1442 Scripsit
358 1341 392 1420 S.
416 1339 572 1419 Hilarius
596 1339 708 1418 libros
730 1340 773 1419 ad
798 1339 1054 1424 Constantium
1074 1370 1156 1446 prae·

136 1455 255 1536 sentiae
280 1455 347 1532 suae
372 1457 408 1529 in
425 1453 538 1531 exilio
554 1456 825 1551 opportunitate
852 1452 980 1553 Cpoli,
1013 1472 1055 1535 ut
1077 1483 1155 1536 eum

136 1569 180 1647 ab
213 1590 334 1644 errore
355 1583 558 1658 revocaret3
584 1563 642 1640 [εά
665 1562 814 1650 frustra,
846 1564 980 1643 Arianis
999 1572 1156 1654 animum

136 1678 338 1757 Constantii
362 1699 436 1752 non
458 1674 571 1766 solum
593 1678 948 1775 praeoccupantibus,
979 1677 1154 1758 sedetiam

137 1792 391 1887 imperatorem
419 1789 455 1862 in
486 1784 562 1863 aula
590 1788 878 1886 occupantibus,
908 1813 954 1864 ne
984 1787 1154 1870 Hilarium

135 1901 282 1980 audiret.
340 1896 553 1994 lgiturcum
578 1901 615 1972 in
637 1896 790 1977 Oriente
819 1897 905 1973 nihil
940 1901 1153 1999 proficeret,

134 2010 179 2088 ad
211 2007 449 2087 occident-ales
485 2008 565 2085 loos
601 2007 633 2084 le
669 2012 857 2086 convertit.
916 2009 1155 2092 Occidentem

136 2123 347 2221 cumprimis
372 2117 510 2195 fraudes
536 2117 678 2195 concilii
710 2118 938 2197 Ariminenfis
964 2128 1155 2204 conturba·

138 2247 270 2310 terant.
334 2229 580 2308 Laudaverant
609 2232 765 2328 primum
791 2229 909 2308 Patres
941 2235 978 2308 in
1012 2237 1154 2334 epistola

135 2343 306 2443 synodica
338 2343 381 2419 ad
409 2341 658 2420 Constantium
689 2345 774 2440 imp.
796 2357 836 2419 ut
864 2345 958 2442 apud
984 2344 1152 2424 Theodo-

136 2470 252 2533 retom
279 2454 407 2551 legitur
433 2449 471 2541 u)
499 2452 653 2529 studium
674 2451 898 2530 Constantini
928 2460 1039 2553 patris
1067 2463 1151 2536 circa

136 2565 383 2644 orthodoxam
409 2561 515 2640 fidem
539 2563 742 2656 Nicaenam3
771 2564 1037 2666 hortanturque
1058 2570 1151 2648 Cort-

134 2680 317 2763 stantium,
350 2690 389 2754 ut
413 2676 568 2773 vestigiis
590 2677 696 2774 patris
715 2674 921 2764 insistendo,
954 2702 1030 2754 non
1049 2684 1152 2780 paria·

133 2805 215 2876 tur,
246 2789 333 2890 quid
358 2791 394 2863 in
421 2785 490 2864 fide
517 2785 607 2863 illius
632 2785 774 2862 concilii
806 2786 952 2863 alterari.
1013 2788 1150 2871 Poterat

134 2900 384 2980 Constantium
409 2896 513 2998 ipfius
535 2895 760 2983 Constantini
784 2898 985 2997 periculum
1008 2921 1147 2982 cautum

134 3011 291 3088 reddere.
350 3009 580 3108 Simplicitate
595 3025 712 3087 autem
736 3007 961 3097 Constantii,
993 3017 1147 3112 quentin

133 3135 180 3199 eo
214 3135 315 3198 notat
346 3121 379 3197 S.
410 3121 609 3218 Gregorius
642 3119 813 3198 Nazianz.
848 3121 977 3198 latium
1011 3126 1083 3213 est,
1112 3138 1148 3204 ut

132 3232 249 3310 multo
267 3232 419 3331 atriplius
438 3234 631 3308 irretiretur
652 3255 758 3330 quam
780 3256 905 3331 pareus
920 3233 1069 3331 perfidia
1085 3260 1147 3314 ma·

131 3357 308 3442 gnatum,
339 3345 401 3443 qui
431 3344 585 3419 animam
612 3341 829 3442 simplicem,
874 3348 1005 3442 pietate
1036 3353 1144 3427 minus

131 3454 324 3539 firmatam,
355 3468 394 3530 ut
416 3455 510 3535 idem
547 3453 580 3530 S.
608 3449 748 3530 Dotlor
770 3452 932 3559 perhibet
961 3474 1054 3536 orat.
1093 3456 1145 3540 til

132 3568 404 3666 praecipitarunt.
454 3562 536 3641 Hoc
554 3588 599 3641 eo
618 3566 809 3663 proclivius
831 3585 923 3650 erat,
956 3573 1061 3665 quod
1081 3573 1146 3670 epi-

131 3677 229 3778 lcopi
251 3679 288 3752 in
309 3674 387 3753 aula
410 3675 550 3752 caelarea
572 3674 664 3776 quast
685 3674 844 3774 flamines
862 3678 1011 3757 curiales
1038 3698 1147 3758 tanto-

131 3814 211 3872 rum
229 3783 387 3868 Eccleliae
401 3786 501 3868 caula
514 3785 582 3865 illis
600 3788 821 3887 temporibus
839 3789 1024 3889 malorum
1040 3805 1145 3882 erant.

1034 3908 1099 4006 qui

168 4005 202 4084 a)
224 4002 273 4068 lib.
297 4001 334 4067 ll.
358 4021 383 4072 c·
410 4019 456 4080 19,
