2400 4478
104 197 156 310 nu
451 189 595 289 Ecclesia
619 189 783 272 miiitum

102 361 237 441 misene
273 375 363 436 nero
401 355 436 436 S.
458 355 702 459 Hieronymus
729 358 891 457 loquitur
929 355 974 434 de
1006 355 1145 437 Chiliai

48 493 51 497 ’
104 477 164 550 stis
192 476 228 549 in
256 495 331 567 cap.
365 490 424 557 ¹9·
459 468 642 556 Ieremia,
688 494 755 547 neu
791 473 938 569 penitus
971 471 1143 549 damnare

104 569 236 662 audet:
265 579 303 669 u)
323 577 573 683 Quamquam,
605 584 753 682 inquit,
782 580 844 668 uti
874 581 982 656 Iudai
994 605 1143 659 aureum

84 708 208 799 ‘utque
241 703 458 786 gemmatum
484 690 673 788 Ierusalem
709 689 952 779 restituendum
984 705 1139 788 putent,

104 802 317 902 rursumque
336 805 498 879 venimus
513 799 747 901 etsocrificio.
777 815 810 879 et
829 805 992 902 coniugio
1005 802 1149 902 santio.

104 940 216 1001 rum,
247 926 281 990 et
302 937 450 1011 regnum
474 918 512 992 in
536 926 637 991 terro
658 915 808 992 Domini
828 914 1046 999 Solemnis,
1069 941 1142 1012 qne

104 1027 187 1107 sicet
209 1049 279 1103 non
295 1025 507 1123 sequemur,
537 1035 653 1102 tumen
673 1029 841 1103 domuere
862 1050 931 1101 non
946 1023 1140 1125 poffummt

106 1141 194 1236 quin
235 1136 340 1212 maesti
375 1135 668 1236 ecclesusicorum
702 1143 867 1227 uirorum
901 1148 936 1213 et
970 1152 1145 1234 martyres

108 1247 171 1339 iliu
195 1250 389 1337 dixerunt3
419 1249 476 1324 sed
497 1263 536 1325 ut
558 1249 712 1330 vidimus
734 1252 781 1327 ab
801 1251 870 1338 iis,
912 1273 991 1351 que
1013 1249 1147 1330 ludais-

109 1383 210 1441 mum
235 1360 375 1462 sapiunt
404 1361 580 1439 defaecata.

166 1519 250 1602 Hoc
268 1522 292 1599 fi
311 1546 422 1622 porro
452 1522 509 1600 fiat
534 1523 577 1600 de
607 1519 852 1611 Hierusalem,
884 1536 924 1600 ut
947 1525 1057 1601 ueteri
1078 1549 1146 1602 no-

109 1656 173 1722 ra.
206 1658 336 1736 nempe
374 1634 524 1714 Ecclefia
551 1660 593 1714 ac
627 1661 780 1741 regnum
814 1634 944 1714 Christi
973 1640 1008 1713 in
1042 1642 1143 1715 terris

110 1745 365 1833 substituatur,
397 1766 505 1847 prout
533 1749 612 1847 post
639 1762 804 1847 tempora
835 1749 891 1823 isla
929 1748 1145 1848 persecutio·

110 1880 228 1943 mum,
257 1859 291 1930 in
313 1858 441 1956 quibus
470 1873 640 1954 martyres
670 1859 717 1932 ilii
739 1863 932 1946 vixerunt,
965 1859 1145 1938 effloruit:

111 1969 197 2069 quid
228 1967 349 2053 aliud.
401 1966 465 2043 nili
497 1968 676 2065 militantis
710 1966 870 2045 Ecclesiae
901 1972 1146 2048 adumbratio-

110 2102 195 2157 nem
225 2077 424 2156 habemus?
463 2079 654 2178 quousque
683 2076 812 2155 scilicet
853 2078 982 2176 ligatus
1012 2084 1060 2159 esi
1099 2083 1147 2159 sa-

111 2205 237 2276 tanas,
268 2191 428 2268 rotundo
458 2189 545 2279 islo,
588 2207 629 2266 ut
661 2214 789 2267 vocare
812 2188 987 2275 sosenrus,
1029 2217 1147 2269 anno.

111 2325 191 2379 rum
227 2302 322 2377 mille
344 2324 526 2386 numero,
578 2317 687 2401 prout
718 2300 885 2376 familiare
907 2299 958 2376 est
985 2303 1021 2376 in
1051 2304 1148 2378 Scri.

111 2416 226 2513 pturis
250 2414 470 2513 propheticis
495 2417 700 2512 praecipue,
732 2436 772 2489 ac
799 2412 975 2512 imprimis
1005 2415 1148 2513 Apoca-

33 2583 34 2586 κ
109 2521 210 2626 sypsi.
269 2523 398 2625 Neque
425 2527 565 2623 praeite
595 2547 753 2624 unquam
783 2522 918 2623 aliquid
948 2525 1146 2605 statuerunt

112 2633 232 2713 Patres
261 2635 314 2741 isli
349 2659 390 2712 ac
418 2652 589 2736 martyres
619 2636 792 2714 Chiiiastae
815 2634 965 2712 lustinus
999 2652 1034 2711 et
1067 2637 1148 2714 irae·

113 2770 213 2823 naeus
236 2745 303 2822 sive
325 2749 369 2822 de
389 2743 461 2822 fine
484 2749 623 2847 periodi
646 2748 762 2833 iilius,
791 2743 860 2825 fite
888 2747 932 2826 de
960 2749 1111 2834 exordio
1131 2772 1145 2840 ς

114 2870 256 2949 tantum
301 2863 508 2935 communis
536 2859 600 2943 ‚ilia
636 2856 808 2957 persuafio
848 2860 892 2936 de
927 2860 1144 2936 Antichristo

112 2994 160 3047 ex
179 2966 354 3049 Romanis
382 2971 680 3070 imperatoribus,
712 2968 930 3046 desolatione
956 2969 1144 3055 abomina-

94 3085 224 3159 'tionis
260 3083 368 3158 stante
394 3086 428 3157 in
459 3081 547 3160 'loco
580 3079 734 3167 santio,
780 3084 1016 3183 proximaque
1045 3083 1146 3159 ruine

113 3190 244 3273 Romae
278 3190 506 3294 Romanique
545 3195 684 3292 imperii
717 3215 780 3268 eus
817 3190 1013 3268 necessetate
1051 3217 1146 3272 cona

111 3304 276 3391 strinxit,
307 3329 463 3403 regnum
493 3304 624 3384 Christi
654 3307 690 3378 in
720 3306 820 3377 terris
853 3303 934 3400 post
959 3302 1033 3376 haeo
1057 3304 1150 3381 fastu

112 3418 289 3494 statuere:
333 3414 432 3492 neoti
466 3440 585 3492 revera
614 3414 771 3510 contigit
798 3428 878 3494 res,
924 3411 1145 3510 fueruntque

116 3553 161 3604 ex
181 3530 455 3625 imperatoribus
488 3524 688 3603 Antichristi
721 3519 823 3596 onusti
855 3519 1038 3598 Ecclesiam
1071 3513 1169 3599 uet‘

115 3640 363 3737 persequentes
382 3664 394 3730 ;
414 3638 468 3712 sed
487 3654 589 3711 vetus
608 3659 647 3710 ac
663 3657 753 3710 unus
778 3632 834 3706 iiie
851 3633 965 3707 homo
978 3640 1143 3732 peccati.

106 3748 149 3836 t)
180 3749 271 3828 filius
301 3751 512 3852 perditionis
543 3768 588 3823 ex
612 3748 687 3848 ipso
712 3741 788 3820 sors
819 3741 978 3824 Ecclesae
1001 3749 1144 3932 gremio

954 3892 958 3897 ·
1042 3880 1078 3936 se
1094 3880 1148 3939 ete

152 4035 186 4112 a)
207 4023 243 4090 ‘su
268 4017 318 4088 ili.
343 4040 370 4103 p.
397 4025 467 4086 6200
550 4019 585 4097 b)
607 4012 642 4082 ii.
667 4011 753 4082 Thes.
778 4013 815 4083 sl.
845 4028 872 4099 ς.
