2400 4478
61 177 63 181 ⁵
106 217 159 297 ςο
227 171 230 180 ’
471 188 615 288 Ecclesia
642 191 802 303 militant

102 363 161 440 vis
181 332 267 458 ergo
288 380 367 436 cum
383 353 461 457 suis
491 357 694 456 corporibus
714 357 894 446 nondum,
933 360 1008 436 iom
1033 371 1154 441 tumeo

104 494 227 551 corum
253 477 377 548 urimo
401 482 554 566 regnunt
583 495 660 546 rum
686 471 772 558 illo,
801 472 886 547 rium
901 469 958 560 ilii
973 475 1068 550 mille
1091 501 1156 551 oo.

106 587 147 663 ni
174 585 376 661 decurrunt.
441 581 539 659 Unde
577 585 616 658 in
648 582 713 660 hoc
732 583 859 659 eodem
879 584 972 671 libro
1002 597 1036 661 cr
1067 586 1154 664 olibi

106 696 259 795 legitur:
289 694 386 774 Beati
411 698 568 782 mortui,
601 700 715 795 quiin
734 695 903 773 Domino
922 702 1154 788 moriuntur,

105 810 244 886 amodo
283 811 352 885 iam
392 806 479 884 dicit
520 797 693 907 spiritus,
739 826 777 885 ut
812 809 1036 909 requiescant
1066 813 1154 888 ala-

105 923 285 999 boribus:
317 940 398 996 nam
425 938 533 1019 opera
563 944 691 997 eorum
714 919 911 1021 lequuntur
937 921 1027 999 illos.
1088 922 1155 1000 Re-

101 1044 197 1132 gout
217 1037 343 1129 itaque·
356 1054 449 1109 oum·
469 1021 601 1119 Christo
630 1055 723 1119 nunc
750 1035 910 1128 primum
941 1032 1086 1131 Ecolefio
1115 1041 1154 1114 in

104 1149 205 1223 vivis
224 1157 258 1222 et
272 1148 433 1221 mortuis.
494 1141 684 1242 Propterea
701 1149 816 1244 enim,
836 1133 929 1242 ficut
948 1145 1037 1243 dicit
1061 1147 1152 1245 lipo-

103 1255 237 1350 liolus,
284 1272 452 1334 mortuos
479 1249 529 1332 eil
553 1256 752 1344 Christus,.
795 1272 836 1334 ut
864 1275 902 1334 et
929 1250 1151 1363 tiv‘orumet

84 1385 341 1448 mortuorum
366 1370 589 1446 dominetur.
647 1369 714 1445 Sed
742 1369 1012 1467 locutorium,
1052 1373 1150 1449 modo

104 1493 307 1578 martyrum
329 1486 467 1558 animos
490 1482 782 1556 commemorauit
795 1472 818 1568 ‚s
839 1485 923 1578 quio
951 1478 1150 1581 ipfiprooi·

32 1587 36 1591 ’
100 1611 172 1694 pue
196 1606 350 1692 rogront
374 1593 535 1680 mortui,
559 1592 744 1692 cuiusque
768 1586 982 1671 orimnorum
1004 1607 1073 1692 pro
1094 1619 1150 1673 oe·

104 1711 216 1784 ritate
243 1716 482 1785 certauerunt.
542 1698 610 1782 Sed
625 1730 647 1783 o
660 1710 765 1803 porte
790 1713 925 1794 totum,
957 1711 1067 1783 eiiam
1094 1732 1152 1785 cua

101 1813 199 1898 'teror
224 1831 381 1896 mortuos
402 1810 634 1913 intelligimus
652 1823 866 1917 pertinentes
889 1816 938 1897 ud
951 1809 1148 1917 Ecolefiom,

106 1931 199 2028 quod
214 1927 258 2020 eli
285 1953 435 2027 regnum
461 1927 598 2018 coristi.

87 2126 96 2145 .
160 2093 195 2172 S.
219 2091 459 2192 augustinum
481 2086 678 2193 sequuntur
701 2081 888 2170 Primallus
906 2150 917 2181 ‚
938 2078 1149 2193 lled'o‚'Rua

104 2223 250 2306 pertus,
284 2205 364 2297 alii;
388 2208 679 2307 recentioresque
698 2209 911 2305 interpretes
931 2230 1085 2296 omnes,
1111 2223 1148 2286 ut

105 2316 144 2396 P.
170 2315 262 2398 Lud.
290 2317 429 2396 Alcalar
456 2322 492 2394 in
524 2317 558 2393 h.
578 2318 597 2393 l.
625 2333 754 2406 notat,
787 2313 986 2417 generatim
1018 2311 1149 2421 suppoa

105 2445 228 2519 nunt,
259 2435 441 2509 neminem
473 2429 676 2507 santlorum
711 2453 756 2505 ex
789 2434 904 2531 prima
939 2428 1006 2508 hac
1037 2433 1148 2510 resur·-

104 2543 263 2620 reliione
294 2543 560 2642 excipiendum.
620 2540 697 2644 lpse
730 2532 790 2618 hic
817 2532 1089 2643 operosillimus·
1112 2547 1147 2620 in

104 2655 346 2759 Apocalypsin
371 2670 666 2741 commentator,
699 2678 783 2730 cum
818 2654 880 2731 lub
910 2659 1062 2731 nomine
1088 2680 1148 2733 eoa

105 2793 215 2856 rum,
260 2771 321 2869 qui
350 2791 425 2842 non
458 2768 697 2843 adoraverunt
727 2762 901 2852 bestiam,
930 2766 1146 2860 confelloreo

104 2880 237 2961 Christi
264 2878 457 2978 intelligit,
490 2879 606 2955 subdit
626 2896 768 2965 tamen,
809 2877 842 2953 le
871 2880 907 2953 in
940 2870 1148 2957 huiusmodi

105 3017 300 3088 numerum
320 3014 394 3068 non
417 2986 533 3068 lulum
549 3016 611 3067 eos
630 2991 780 3074 referre.
814 2993 876 3090 qui
901 3007 970 3090 pro
1002 2981 1147 3098 religio

104 3129 151 3182 ne
191 3106 476 3207 persecutionem
517 3105 658 3180 fortiter
698 3100 934 3189 tolerarunt,
990 3101 1048 3180 sed
1086 3106 1146 3182 eoo

105 3224 232 3304 etiam,
263 3220 324 3317 qui
361 3220 395 3291 in
426 3221 503 3291 tiva
527 3214 711 3293 catholicoe
731 3212 916 3313 religionis
934 3212 1003 3292 fide
1028 3215 1162 3316 persto·

104 3344 248 3422 terunt3
276 3329 427 3429 eoquod
454 3324 505 3403 illi
538 3353 666 3405 omnes
698 3328 886 3428 mysticum
923 3342 1037 3404 ultum
1069 3344 1148 3406 cot»

105 3440 420 3542 pomaretum,
462 3434 563 3518 eracl
596 3444 715 3519 vivom
742 3436 873 3518 Chrilll
906 3453 1042 3538 corpur
1071 3457 1147 3543 pera

103 3564 250 3635 tineant.
310 3546 354 3631 Et
373 3553 522 3630 demunt
553 3554 741 3655 postquam
785 3553 935 3629 modum
964 3553 1071 3636 liuius
1097 3576 1146 3627 reo

103 3677 168 3772 gni
196 3668 395 3744 lucellorum
426 3655 657 3771 explicasset,
690 3665 758 3742 stre
778 3658 895 3739 adbuc
922 3666 958 3738 ln
979 3668 1065 3740 vitis
1090 3665 1145 3739 de·

103 3801 215 3887 gant,
247 3778 315 3855 five
340 3785 406 3854 iam
433 3783 571 3855 mortui
598 3773 730 3855 ellent:
765 3766 1039 3863 lindoinum,
1072 3777 1143 3852 sub·

85 3901 189 3987 ·dit,
221 3894 405 3990 ooliuogo,
436 3890 483 3968 oo
501 3887 708 3989 foollorum
736 3895 844 3967 otium
870 3901 1021 3986 regnum
1037 3887 1147 3986 perri·

1044 4044 1145 4108 mre»
