2400 4478
200 196 352 279 regnum
385 172 513 301 Christi
536 148 580 253 in
607 174 727 253 terris.
757 195 785 252 o.
815 172 907 256 ΧΠ.
1053 196 1107 280 65

56 365 102 422 ne
126 336 200 419 ΠΙ.
222 336 304 437 fuit
333 336 449 416 Roma
473 334 627 424 eleetos,
673 347 708 413 et
745 336 942 417 declaratus
974 338 1107 426 Roma-

58 478 123 532 nus
149 453 381 550 imperator,
426 454 484 526 cui
516 451 670 545 deinceps
691 447 796 544 usque
826 452 874 526 ad
895 450 1105 534 hodiernum

57 568 151 644 diem
167 560 402 664 succefferunt
423 567 653 658 imperatores
680 564 720 636 in
752 559 953 640 Germania.
983 565 1105 645 Enim⁴

57 701 145 756 aero
176 672 226 753 od
261 688 450 770 utrumque
479 676 695 770 imperium,
728 671 909 752 Orientale
929 680 1106 758 nimirum

59 804 90 868 et
121 783 343 867 Occidentole
369 784 669 874 adumlrondum,
694 781 806 872 {latua
824 787 884 863 illu
912 787 1105 870 Nabucho-

59 896 223 999 donosorl
248 895 374 990 ollenso
400 898 492 976 Dan.
522 896 571 976 11.
602 899 642 971 in
665 908 784 994 typum
813 896 964 977 Romani
995 906 1107 1004 impe-

61 1018 140 1102 rii,
167 1013 263 1110 quod
284 1010 466 1087 Orientem
489 1022 523 1086 et
552 1007 772 1086 Occidentem
783 1008 855 1108 sua
871 1013 1104 1110 amplitudine

61 1128 238 1212 coercuit,
284 1120 418 1199 duobus
443 1120 541 1200 tibiis
569 1119 764 1198 utebatur:
810 1123 859 1199 od
879 1124 1038 1224 idemque
1051 1127 1105 1223 fi-

60 1236 295 1338 gnpicaudum
325 1239 363 1311 in
383 1231 477 1311 orbis
503 1231 791 1332 descriptionibus
826 1259 959 1333 magna
984 1240 1109 1337 aquila

66 1376 140 1428 cam
167 1347 301 1447 duplici
315 1349 428 1445 capite
450 1346 655 1444 depingitur
669 1347 684 1431 ‚'
712 1370 785 1442 qua
814 1340 946 1444 infigne
964 1350 1014 1438 ,eil
1037 1353 1107 1430 no.

64 1464 160 1540 moni
185 1452 353 1558 imperii:
398 1470 438 1533 ut
455 1458 574 1535 orbem
592 1456 799 1555 universum
829 1457 1000 1556 bipartito
1036 1464 1106 1542 Ro.

66 1599 165 1654 mono
185 1575 334 1670 imperio
356 1567 535 1648 Orientali
553 1567 717 1646 videlicet
738 1580 772 1645 et
795 1568 1107 1668 Occidentalifub.

66 1690 187 1765 ielium
233 1684 462 1779 intelligatur.
520 1680 598 1759 Nec
628 1704 715 1758 nero
756 1685 946 1780 quidquam
985 1685 1105 1781 obeli,

68 1796 155 1897 quod
171 1796 274 1875 loodie
294 1790 405 1874 Romo
431 1796 643 1892 imperatori
670 1790 825 1871 Romano
856 1818 927 1873 non
947 1812 1076 1896 pareat
1090 1811 1108 1893 ,‘

66 1912 100 1988 id
114 1914 210 1989 enim
232 1910 280 1985 ad
306 1912 496 2005 imperium
531 1904 729 1983 Romanum
759 1929 829 1983 uon
856 1915 1031 2006 pertinet:
1063 1912 1107 2005 d·

67 2025 201 2122 quidem
232 2021 402 2099 Arcadius
430 2031 465 2097 et
496 2017 696 2112 Theodosius
721 2024 871 2109 iunior,
911 2034 945 2099 et
975 2023 1108 2122 reliqui

68 2136 167 2236 usque
194 2135 243 2210 ad
262 2128 493 2218 Iullinionum
514 2133 743 2228 imperotores
765 2131 917 2209 Romani
928 2130 1104 2234 fuerant,

68 2273 122 2327 nec
137 2261 257 2324 tomen
281 2237 445 2322 Romana
468 2243 552 2320 urbi
579 2240 811 2340 imperabant.
870 2243 957 2325 Haec
973 2247 1105 2331 Blasouo

68 2354 197 2462 Viegos
217 2373 415 2438 comment.
439 2362 476 2433 in
507 2356 622 2454 Apoc.
656 2380 688 2454 ρ.
717 2368 809 2448 718.
841 2355 990 2457 August.
1023 2363 1108 2441 Cal.

10 2554 16 2571 ,
70 2468 181 2551 noetus
221 2475 257 2548 in
306 2472 576 2548 commentariis
614 2467 735 2566 paullo
777 2483 860 2547 ante
900 2475 1014 2548 citatis
1053 2473 1104 2554 Ι).

69 2581 279 2669 Thomam,
311 2595 346 2658 et
369 2582 458 2659 alios
486 2583 704 2657 recentiores
733 2585 838 2656 etlam
863 2585 1107 2683 interpretes,

70 2721 156 2799 quos
184 2694 361 2797 plurimos
386 2699 421 2770 in
449 2693 612 2769 eamdem
642 2691 850 2770 sententiam
871 2698 972 2771 iuxta
993 2698 1110 2796 expli.

10 2798 12 2803 ’
71 2814 246 2888 cottonem
267 2803 305 2895 a)
335 2805 368 2883 S.
386 2801 574 2904 Augustini
592 2795 731 2881 allatam
753 2807 859 2891 citat.
879 2806 952 2906 ipse
974 2805 1022 2885 fic
1052 2808 1110 2888 lo·

73 2926 199 3027 quitur:
214 2969 238 3012 ‚,
255 2917 340 2996 Dici
362 2921 488 3018 nequit
504 2969 514 3001 ,
531 2913 737 2994 Romanum
756 2919 948 3016 imperium
965 2921 1036 2996 tom
1054 2924 1111 3000 in.

75 3088 92 3126 ,‚
117 3029 246 3110 teciille
265 3024 395 3130 ,uiget
410 3027 528 3106 adhuc
543 3031 579 3103 in
600 3031 752 3128 imperio
768 3026 1009 3115 Germanico,
1026 3032 1115 3114 licet

77 3196 93 3236 „
118 3146 276 3222 maxime
290 3132 524 3218 imminutam
546 3156 654 3241 atque
681 3134 912 3218 infirmatum.
971 3143 1114 3225 Catho.

79 3252 178 3347 „lica
209 3271 247 3332 et
272 3250 435 3332 Romano
456 3249 631 3340 Ecclesia,
660 3251 744 3329 licet
764 3267 899 3329 tantam
927 3256 1115 3354 pertulerit

79 3414 96 3456 o
119 3368 286 3447 {aduram
305 3389 349 3444 ex
370 3363 558 3443 seceffione
577 3360 820 3464 plurimorum
846 3364 1006 3446 filiorum
1028 3369 1113 3448 suo.

84 3502 228 3568 „ouon
260 3479 383 3554 eadem
420 3476 558 3578 semper
586 3477 656 3552 est:
697 3473 783 3552 fides
806 3471 954 3565 eadem,
985 3483 1112 3561 eadem

17 3598 37 3649 3
85 3607 266 3678 „motum
303 3589 513 3690 disciplina,
554 3587 678 3665 eadem
710 3583 851 3679 Biblio,
891 3592 1013 3669 eadem
1053 3616 1113 3671 ca.

10 3708 43 3865 ἰ*
87 3708 216 3803 „pltat
248 3704 360 3780 verbo
392 3706 489 3801 viget
514 3699 656 3793 adhuc,
700 3714 808 3806 utque
832 3702 877 3782 ad
911 3702 1114 3784 mundius·
