2400 4478
168 211 318 298 'regnum
351 195 477 294 cinthii
505 199 544 274 in
571 193 689 275 terris.
719 217 747 275 r.
778 149 940 279 XXIV
985 221 1062 300 cor
1097 210 1099 213 ’

40 363 320 443 eomunicarrnt
349 363 384 437 in
413 360 480 437 fide
508 383 589 436 cunr
626 356 779 436 Valente
812 375 848 438 et
876 359 1066 453 Eudoxio,

45 474 300 576 persuadente:
356 496 395 550 ac
426 471 468 546 sr'
488 470 576 546 nihil
605 469 805 558 intereiset,
849 474 950 572 quod
991 501 1066 554 rem

47 581 200 685 [petiae.
234 589 325 660 inter
359 598 548 682 utramque
584 582 803 675 doctrinam,
836 584 999 662 Arianana
1027 612 1069 666 ac

47 696 283 780 catholicam,
314 692 375 768 niti
397 697 432 769 in
458 694 604 804 vocibus
630 681 938 794 quibusdanut,
957 697 1073 799 pluri.

49 811 117 888 buo
138 799 213 884 rem
242 805 498 883 Theodoretus
528 800 566 892 u>
588 820 735 882 enarrat.

110 965 258 1048 Acceffit
288 965 332 1040 od
365 963 550 1042 cumulum
580 962 794 1064 impietatis,
841 966 943 1066 quod
975 969 1075 1048 vicii·

50 1079 115 1157 hm
146 1075 206 1154 fibi
240 1075 369 1152 Valens
399 1076 595 1175 persuaderi
623 1075 665 1183 fir
693 1072 805 1175 paffus
837 1075 1074 1161 aThemistio
1145 1123 1147 1128 ·

52 1190 273 1293 philosopho
308 1186 454 1288 gentili,'
506 1189 646 1286 quasvis
687 1186 748 1263 fibi
784 1187 939 1264 adversas
973 1186 1077 1270 sedan

46 1301 203 1380 eandem
227 1301 437 1385 honorare,
456 1295 519 1374 suo
537 1298 703 1398 quaelibet
721 1301 812 1384 ritu,
834 1299 1075 1397 divinitatem

52 1432 214 1510 cumque
243 1409 340 1487 Deus
365 1428 518 1494 omnes,
550 1407 624 1483 iliae
643 1408 791 1506 perinde
814 1407 1000 1501 sustineat,⁴
1022 1429 1078 1490 ar.

55 1515 276 1624 gementum
302 1517 389 1606 eise.
430 1517 528 1618 quod
559 1539 681 1594 earum
712 1517 846 1595 nullam
872 1519 1082 1621 despicere.

57 1657 100 1712 ac
119 1633 272 1733 proinde
300 1653 398 1732 aeque
429 1624 581 1727 ungulas
613 1627 766 1705 tolerare
795 1645 901 1730 queat
929 1635 1083 1735 impera.

58 1758 130 1823 tor.
192 1743 313 1835 Quam
353 1743 389 1816 in
416 1760 505 1816 ‘rem
546 1740 681 1840 prostat
708 1736 895 1819 Themistii
930 1746 1082 1836 oratio,

55 1870 276 1953 narrantque
315 1871 388 1927 rern
432 1851 592 1927 Socrates
620 1850 737 1927 etalii
769 1851 952 1931 historici:
994 1857 1084 1936 teste

61 1989 209 2070 quoque
233 1963 344 2042 Paulo
379 1963 533 2038 diacono
562 1958 601 2050 h)
632 2017 654 2054 „
674 1957 861 2039 Valensin
892 1963 1082 2050 Antiochia

61 2134 84 2174 „
114 2079 271 2180 plurimo
301 2091 466 2173 ternpore
490 2095 753 2185 commoratur,
784 2075 1083 2170 omnibus'licen.

64 2246 87 2283 „
117 2194 200 2265 tiam
229 2185 346 2270 dedit,
369 2186 431 2261 ⁴sua
458 2183 549 2260 sacra
568 2184 791 2272 celebrandi,
809 2186 1001 2284 gentilibus
1022 2190 1086 2268 sci.

64 2357 88 2394 „
116 2301 217 2385 licet,
255 2301 361 2395 atque
394 2295 538 2382 ludaeis,
570 2318 636 2372 nec
664 2297 941 2376 nonomnibus
976 2299 1087 2379 hare.

61 2468 88 2506 -,‚
118 2415 239 2500 ticis„.
283 2406 418 2485 Eodem
446 2425 581 2506 porro,
627 2430 702 2506 quo
733 2404 949 2486 Themistiur
980 2428 1092 2510 argu.

67 2538 193 2598 mento
218 2521 261 2595 de
292 2515 526 2594 indifferentia
551 2516 667 2594 coitur
688 2516 816 2603 divini,
848 2518 927 2595 nius
948 2523 997 2600 est
1020 2545 1089 2618 po·

65 2637 134 2712 iiea
161 2632 222 2708 inb
254 2626 505 2704 Valentiniano
541 2628 681 2703 iuniore
712 2627 948 2726 Symmachus
986 2633 1089 2711 urbiu

64 2743 267 2847 praefedus,
292 2739 655 2839 supplicansnonrine
675 2737 813 2813 senatus
834 2735 1013 2828 Romani.
1045 2755 1092 2822 tri

68 2857 309 2932 restitueretur
337 2871 394 2926 ara
424 2848 601 2937 historia,
645 2863 686 2927 ut
709 2852 745 2925 in
767 2853 841 2926 eius
871 2849 1092 2946 relatiunec)

67 2966 191 3066 legere
211 2965 300 3040 ests

67 3135 1097 3185 Q

79 3306 82 3313 ·
132 3257 400 3338 Valentinianus
419 3254 493 3351 fen.
527 3259 566 3330 in
598 3257 741 3333 exordio
776 3256 918 3356 imperii
941 3265 1041 3356 circa

127 3365 295 3448 domnum
333 3388 423 3443 vern
449 3365 630 3463 religionis
657 3366 878 3465 indifferens,
917 3374 1041 3454 iunior

300 3478 459 3564 indinrin
484 3483 610 3556 matris
632 3476 871 3576 defraudetur.

76 3586 183 3760 Aa
212 3634 502 3721 unennnnm
546 3639 613 3717 sen.
652 3636 811 3718 varentis
841 3640 986 3721 fratrem
1013 3652 1098 3747 pru·-

189 3770 338 3831 rocotur
369 3758 409 3832 in
432 3767 522 3828 rnox
555 3765 752 3830 menrorata
788 3752 959 3831 relatione
993 3754 1098 3856 Syrn-

92 3978 94 3982 ·
121 3955 766 4131 'MQWA'⁸51³?‘0ppb'db‘nxffghssff'
792 3956 873 4029 nn
906 3866 1043 3959 '‘mh'‘

167 4073 186 4113 ΰ
244 4097 250 4113 .
300 4069 327 4112 m
364 4071 403 4115 0.
486 4093 493 4114 e
548 4091 558 4118 .
610 4092 618 4113 .
662 4091 671 4112 0
755 4089 763 4110 ι
