2400 4478
95 217 178 287 266
445 198 589 293 Euclida
620 199 783 287 militant

88 427 111 464 a
140 367 451 466 corpusomnium
466 366 684 461 Galliarum3
702 366 759 446 led
773 364 957 469 paulatim,
982 367 1128 471 idipsum

88 539 111 578 „
139 496 282 566 tamen,
313 497 352 561 ut
377 481 464 559 duur
488 504 566 580 para
591 479 690 558 clade
707 483 880 567 caeditur,
912 505 996 586 pars
1014 506 1128 562 exem·

90 651 113 690 „
142 595 207 698 plo
234 592 498 669 emendaretur.
532 591 600 670 Sed
622 593 683 671 ubi
700 594 795 696 apud
818 617 885 668 nos
902 595 1127 683 emendatio,

95 765 119 802 ‚,
148 721 210 789 aut
224 727 304 802 quae
320 728 398 802 pars
416 701 572 786 Romani
592 707 709 790 orbis,
740 721 820 783 utut
836 703 963 786 afflicta
988 711 1129 806 corrigi.

94 876 117 912 „
146 836 204 894 tur
221 815 261 907 „l
299 815 511 898 Fuitadhuc
531 831 619 894 tuuc
645 818 842 918 pastoribus
862 818 987 922 ampla
1010 823 1045 895 in
1070 821 1127 898 l'uit

89 930 317 1008 sermonibus
354 929 398 1004 de
421 927 580 1004 Calendis
606 927 770 1008 Ianuarii
791 930 991 1008 invehendi
1014 936 1049 1007 in
1071 956 1118 1031 pa.

87 1045 231 1142 ganicas
248 1042 516 1138 superstitiones
542 1043 698 1119 materia.
731 1039 784 1121 Ex
802 1044 932 1142 quibus
951 1044 987 1121 S.
1012 1043 1115 1124 Petrus

30 1247 33 1251 ¹
95 1153 347 1258 chrysologus
373 1150 648 1232 Ravennateusrs
665 1153 852 1253 episcopus
870 1154 988 1231 Serm.
1021 1153 1116 1234 CLV.

91 1263 132 1359 a>
148 1324 169 1360 ,‚
190 1265 331 1351 Hodie,
350 1261 530 1364 (inquit)
542 1264 695 1364 gentiles
708 1266 795 1341 deos
808 1266 890 1343 suos
904 1266 1115 1347 foeditatibus

86 1437 109 1480 „
137 1376 339 1485 exquifitis,
361 1383 571 1475 excogitato
590 1376 792 1464 dedecore,
822 1398 857 1454 et
879 1380 953 1478 ipl'a
977 1383 1112 1484 turpitu·
1148 1410 1150 1419 ·

86 1549 110 1592 ,‚
141 1493 224 1570 diue
236 1493 415 1591 turpiores
431 1490 604 1567 videndos
623 1490 787 1588 trahunt,
809 1489 1032 1578 distrahunt,
1048 1515 1109 1593 per·

89 1663 113 1700 „
141 1604 309 1688 trahunt,
341 1627 434 1705 quoa
463 1603 597 1682 iaciunt
614 1625 688 1677 non
709 1601 885 1679 videndos
903 1659 937 1695 „.
984 1603 1041 1684 Pia
1055 1627 1107 1680 un·

88 1733 143 1796 ter
158 1713 309 1802 Ecclesia
326 1739 370 1789 eo
381 1715 438 1791 die
458 1713 672 1812 singularem
687 1719 722 1790 in
742 1714 886 1812 liturgia
910 1713 1105 1795 habuituis·

87 1830 159 1908 sam
179 1828 226 1906 od
237 1823 493 1922 prohibendum
513 1824 556 1900 ab
569 1824 690 1912 idolis,
720 1849 760 1903 ac
777 1828 957 1906 ieiunium
975 1829 1041 1904 illis
1053 1827 1109 1903 dia

87 1943 157 2018 bus
190 1939 318 2015 indixit
338 1938 380 2015 ad
409 1941 640 2015 inveteratam
670 1937 764 2017 iliam
782 1938 901 2018 adhuc
929 1940 1109 2040 persennia

86 2051 285 2132 tollendam
308 2053 487 2134 maniam,
520 2073 589 2152 qua
618 2051 714 2125 orbis
732 2049 921 2130 Romanus
950 2055 1019 2131 iarn
1035 2053 1110 2131 chri.

89 2164 219 2241 uranus
238 2163 450 2246 tenebatur,
483 2161 527 2237 de
550 2185 626 2264 quo
648 2159 734 2262 saepe
754 2162 919 2240 laudatus
945 2165 1110 2241 Saluianus

69 2276 149 2352 sib.
178 2274 241 2350 Vs.
266 2274 507 2371 penaornniu,
531 2275 665 2358 innuit,
678 2273 796 2370 finni,
815 2297 887 2368 quae
902 2279 1111 2372 etiamnum.

9 2435 11 2439 J
89 2387 169 2470 dum
179 2389 313 2485 pagani
324 2400 457 2465 ueteres
465 2381 609 2482 frivolo
622 2384 920 2488 atqaeirrutenua
935 2389 1110 2469 duxerunt.

177 2546 302 2630 Liceat
331 2547 387 2628 hic
422 2545 609 2649 paululum
639 2548 809 2624 obtutum
846 2565 1061 2630 convertere
1084 2553 1111 2628 in

87 2661 251 2750 diuinum
276 2659 377 2741 illum
412 2660 501 2757 legis
520 2662 642 2757 gratiae
671 2659 895 2766 prosedum,
927 2679 1039 2764 atque
1063 2663 1111 2738 ad·

86 2775 249 2854 mirabile
270 2773 454 2856 discrimen
483 2788 618 2854 natutae
642 2787 677 2851 et
708 2776 852 2870 gratia,
885 2773 981 2854 salvo
1013 2779 1112 2852 acin·

85 2901 194 2985 tegro
218 2887 386 2992 mysterio
415 2884 505 2970 illo,
537 2884 637 2990 quod
665 2881 861 2969 neanias
889 2888 925 2965 in
953 2888 1112 2968 elediuut

87 2999 255 3098 gentium
291 3012 326 3075 et
358 2997 550 3074 reietlione
575 2995 778 3079 Iudaeorurn
809 2993 970 3096 [peltana
1004 2998 1042 3088 b)
1063 3021 1112 3076 ex·

86 3110 244 3189 clamat:
280 3107 312 3183 O
337 3107 485 3189 altitudo
510 3109 725 3188 divitiorum
753 3106 909 3209 scientia
933 3124 969 3186 et
984 3111 1112 3215 sapien·

85 3224 144 3299 ria
177 3219 246 3299 Dei
270 3222 339 3303 &c
400 3219 516 3317 Quod
543 3220 600 3299 hic
627 3223 735 3299 etiam
755 3220 1030 3320 deprehendere
1052 3224 1109 3306 est.

84 3336 150 3413 ubi
177 3332 306 3415 Romae
327 3335 465 3414 ruinam
495 3331 726 3438 Romanique
752 3334 892 3438 imperii
920 3339 1110 3434 provincia·

82 3470 166 3526 rum
201 3445 246 3546 ad
266 3447 428 3526 barbaras
460 3460 588 3543 gentes
608 3444 878 3526 translationem
894 3472 982 3549 ‚prae
1009 3448 1110 3526 oculis

81 3559 264 3640 habemus.
327 3554 429 3633 Dum
463 3560 499 3631 in
527 3553 697 3639 Romanis
724 3560 874 3654 ingenio
904 3575 941 3641 et
975 3560 1112 3661 discipli.

82 3677 138 3751 nis
167 3672 278 3751 veluti
310 3684 435 3748 natura
468 3669 619 3749 excultis
650 3684 721 3749 tam
736 3664 880 3773 frivolo
908 3683 1016 3775 arque
1033 3673 1109 3751 irri-

81 3785 220 3880 denda,
261 3796 398 3865 tautam
421 3782 502 3864 vitae
527 3795 563 3861 et
587 3805 737 3864 morum
766 3782 1035 3887 perversitatem
1061 3785 1109 3865 dr·

790 3977 792 3980 Α
911 3899 1066 4004 prehen-

125 4093 158 4165 ιι)
180 4106 247 4172 pag.
272 4071 341 4160 arg.
365 4083 442 4148 Edit.
469 4085 538 4163 Aug.
604 4083 637 4162 i)
659 4055 745 4145 Rom.
768 4079 824 4145 XI.
846 4101 919 4182 33.¹
