2400 4478
132 205 208 293 148
493 180 638 282 Ecclefiu
657 182 821 269 militant

129 347 369 439 divetfimode
404 365 559 452 accepte
593 348 668 428 fine
701 349 865 452 periculo
900 353 1163 442 malediiiiuuie

38 534 42 543 .
129 475 168 552 in
190 468 261 546 fine
280 462 318 555 a)
338 461 557 543 aS.luauue
585 460 716 563 politae
774 461 882 567 Quod
900 471 1013 559 enim,
1050 476 1101 551 ait
1129 476 1163 555 Se

130 579 279 679 Augult
309 573 351 653 L.
385 573 429 652 ll.
464 569 504 663 b)
533 589 664 677 contra
690 572 841 653 Maxim.
877 578 926 657 ad
954 585 1165 665 exercendus

130 703 260 772 mentes
281 681 442 787 fidelium
481 687 520 762 in
543 680 677 784 sunau
703 681 897 784 seripturis
931 689 1075 791 obscure
1101 712 1165 795 po·

129 807 253 889 nitur,
289 795 546 897 gratulandum
572 790 645 890 est,
674 791 873 891 fidiaerfis
904 803 1047 894 modis,
1093 832 1163 886 non

129 929 248 996 tamen
283 908 510 1008 inspienter,
568 909 768 1005 exponituu.
838 911 899 991 Sic
927 916 1181 1002 conciliandae,

129 1029 212 1107 sunt
240 1047 325 1102 cum
357 1021 470 1120 scopo
506 1020 706 1124 prophetiae
736 1019 843 1099 hulue
875 1025 1019 1107 diversae
1053 1035 1163 1111 inter·

130 1155 275 1244 paetum
308 1135 599 1234 explicationes.
645 1153 736 1232 quae
764 1134 881 1213 modo
916 1138 1062 1218 stritlim
1096 1168 1162 1224 uo-

128 1254 284 1330 tavimue
306 1304 318 1338 ,
363 1244 516 1347 suntque
534 1242 609 1327 aliae
629 1257 666 1319 et
690 1241 843 1343 polluat
869 1262 930 1327 tot
949 1252 1052 1330 statui
1072 1269 1160 1333 tem·

128 1384 298 1468 porum.
353 1379 550 1436 aeterum
584 1354 839 1456 catastrophe,
883 1377 977 1464 quot
1009 1361 1158 1448 Ecdalia

130 1474 286 1573 militane
320 1468 429 1548 aluo
455 1466 615 1547 exordio
630 1482 787 1567 ‚experta
817 1470 896 1560 est,
951 1483 1155 1578 experitur,

129 1604 168 1668 et
209 1582 414 1690 experietur
442 1580 553 1682 usque
586 1577 632 1657 ad
661 1578 1014 1665 consummationem
1054 1589 1154 1671 seculi

126 1699 287 1779 hostium
326 1693 563 1772 notabiliores
598 1686 757 1769 insultus.
828 1692 889 1774 suc
918 1701 981 1799 qui
1021 1701 1155 1805 Apoca-

127 1807 243 1912 lypliu
275 1805 321 1882 ad
357 1818 523 1906 tempora
552 1800 749 1904 apostolica
785 1804 1047 1909 restringunt,
1098 1814 1152 1892 ha·

127 1925 216 2000 bent
257 1916 433 1996 ultionem
472 1914 518 1992 de
560 1930 671 2013 geute
714 1912 857 1995 Iudaica
899 1923 937 1999 in
975 1922 1150 2004 everuone
1193 2016 1194 2021 Ν

127 2035 227 2112 urbis
255 2025 595 2126 Hierosolymitanae
617 2038 654 2103 et
678 2024 895 2126 dispersione
915 2038 1062 2133 gentis:
1100 2039 1148 2118 alil
1184 2103 1194 2137 ,

125 2143 255 2226 Romae
283 2139 517 2218 debellatticis
550 2159 592 2215 ac
629 2137 821 2234 gentilismi
857 2142 1148 2229 delituitiouem:
1183 2130 1191 2209 ἶ

122 2257 183 2334 alii
210 2252 455 2354 praestolantur
484 2244 808 2328 Mahumedanismi
830 2257 993 2348 ruinam,
1030 2262 1147 2341 autin
1191 2258 1194 2268 ’

126 2390 174 2446 eu
191 2365 253 2443 fibi
281 2378 410 2465 caveat
432 2364 477 2440 ab
501 2360 705 2440 Antiehulli
729 2363 912 2465 praestigiis
933 2393 976 2447 ac
999 2374 1145 2474 tyranni·
1183 2445 1194 2457 .

124 2480 194 2557 de:
224 2477 366 2578 fuitque
394 2473 496 2552 uullo
528 2495 603 2550 nou
629 2485 824 2573 tempore,
862 2503 905 2558 ae
928 2481 1071 2585 semper
1089 2486 1143 2563 erit
1174 2529 1179 2575 ‚·

124 2589 277 2672 Eccum
303 2589 457 2665 militaus
490 2585 615 2664 villeix
641 2583 926 2680 haereticorum,
966 2592 1142 2677 libertina
1190 2677 1194 2709 ⁴

121 2728 229 2791 rum,
268 2696 495 2797 Freygeiiler,
534 2698 572 2777 id
603 2721 718 2797 genus
749 2698 1056 2801 irreligiosorum,
1094 2702 1140 2813 qul

122 2801 233 2892 hbdie
256 2817 412 2891 maxime
437 2835 511 2888 nun
547 2814 617 2887 iam
648 2809 793 2888 occulte
816 2810 1016 2911 grassantur
1046 2820 1138 2903 licet·
1173 2872 1182 2883 -

124 2928 171 3004 tia
203 2926 373 3002 libertatis
401 2922 645 3009 conscientie,
684 2921 984 3029 christianamque
1011 2935 1136 3035 religit·
1166 2978 1194 3023 ι,

122 3062 206 3115 nem
222 3036 437 3126 suffodiunt.
467 3036 589 3114 donec
607 3030 751 3112 taudem
771 3039 876 3116 etiam
902 3042 938 3116 iu
958 3040 1031 3126 fine
1048 3044 1135 3128 Clui·

121 3149 193 3227 stus
214 3148 468 3227 Antichristum
491 3148 646 3225 destruet
670 3144 795 3246 spiritu
824 3152 900 3228 orie
925 3152 991 3234 sui.
1143 3252 1146 3257 Ι
1192 3208 1194 3241 2

203 3310 262 3388 Sic
277 3324 417 3400 autem,
445 3324 487 3388 ut
511 3309 689 3395 diximus,
717 3309 868 3388 loannes
895 3315 930 3390 iu
948 3313 1130 3421 Apocalyu·
1175 3339 1194 3389 u

120 3419 324 3501 fiEcclefiae
348 3420 532 3500 militantis
555 3419 623 3497 fata
641 3419 853 3510 adumbrat,
885 3444 997 3526 prout
1017 3454 1057 3507 ea
1072 3432 1129 3507 bu·

120 3538 209 3613 vitet
229 3533 393 3612 Christus
414 3537 450 3610 in
470 3530 665 3630 Evangelio
684 3537 829 3634 attingit
850 3535 981 3620 Matth.
999 3530 1127 3655 xxiii

117 3662 154 3724 et
175 3645 263 3726 Luc.
285 3643 396 3724 XXl.
427 3649 669 3742 interrogatus
686 3645 730 3721 ab
750 3649 951 3746 Apostolis‚
984 3658 1046 3755 qui
1064 3672 1127 3755 pro·
1175 3650 1194 3724 l

117 3760 260 3864 pediem
300 3780 455 3857 regnum
489 3756 621 3836 Christi
651 3757 852 3857 gloriosum
880 3765 1058 3869 opinione
1088 3762 1127 3843 lu·
1150 3779 1194 3837 tue

1019 3878 1090 3961 dai-
1149 3891 1194 3951 lui

134 4024 170 4102 (a
212 4029 301 4108 lpoe
326 4022 427 4090 XXII·
453 4032 500 4099 ιε.
565 4027 599 4098 il
621 4022 657 4092 T.
675 4023 754 4094 lilii.
771 4047 802 4111 p.
819 4033 891 4113 726.
1057 4072 1060 4077 -
