2400 4478
213 288 364 363 regnam
398 258 526 355 carini
555 265 594 347 in
623 262 733 346 terris
762 284 789 346 c,
821 256 946 345 XXX·
1033 278 1112 359 267

71 427 364 536 prehendimus,
397 426 658 525 malignitatem
680 451 768 504 vero
797 424 891 508 hanc
917 438 1052 502 natura
1079 429 1114 507 in

73 543 237 627 barbaris
272 540 480 621 nationibus
524 537 708 636 religionis
747 539 943 619 christianae
975 538 1118 621 cultura

73 670 151 742 tam
189 652 291 739 facile
325 655 517 735 cicuratam
548 650 801 750 conspicimus.
863 649 1117 734 Memorabilia

81 791 165 852 cum
197 768 322 874 primis
362 764 443 850 sunt
483 762 516 839 S.
548 759 704 859 Remigii
741 760 925 844 Remensrs
959 764 1118 872 episcopi

80 879 207 964 verba,
239 880 372 992 quibus
406 875 638 960 Clodoveum
672 872 893 959 Francorum
924 899 1046 977 regern
1068 877 1129 957 ala

77 991 228 1075 locutus
268 990 337 1075 est,
382 988 469 1069 dum
507 1011 589 1068 eum
616 985 692 1084 ipso
728 983 849 1064 Natali
874 984 1029 1068 Domini
1061 1013 1118 1067 an.

77 1114 176 1204 496..
206 1101 304 1186 sacro
340 1098 557 1197 baptismatis
588 1100 689 1179 fonte
709 1098 848 1176 abluit:
878 1096 992 1179 Mitis
1018 1099 1120 1196 depo·

78 1205 126 1297 ne
154 1211 447 1295 coilaaieamter.
508 1208 715 1295 Ptaeveniffe
744 1210 853 1291 veluti
878 1235 1004 1307 regem
1031 1234 1122 1323 gent

76 1327 228 1407 barbara
260 1327 308 1410 est
338 1325 432 1412 viia,
464 1336 504 1403 ut
522 1325 616 1405 enim
643 1322 676 1398 S.
692 1321 895 1420 Gregorius
923 1321 1122 1408 Toronen.

78 1437 124 1523 lis
143 1439 288 1516 testatur
309 1434 346 1530 a)
390 1493 411 1527 ‚2
428 1439 648 1536 conveniens
677 1455 761 1514 cum
788 1434 877 1520 suis,
913 1437 1118 1540 priusquam

77 1604 103 1653 2,
136 1549 192 1623 ille
212 1547 447 1648 loqueretur,
470 1561 709 1648 praecurrente
731 1547 894 1645 potentia
909 1545 981 1629 Dei
999 1551 1121 1632 omnis

81 1717 107 1762 „
139 1659 297 1762 populus
316 1659 553 1742 acclamabat:
574 1657 741 1738 mortales
759 1658 850 1737 deos
867 1660 1046 1759 abigimus
1063 1663 1121 1766 pie
1168 1670 1191 1699 ·’

80 1829 104 1876 ,,
132 1795 218 1858 rex,
239 1786 274 1855 et
290 1769 432 1857 Deum,
450 1794 557 1871 quem
576 1768 761 1874 Remigius
776 1770 944 1870 praedicat
962 1774 1115 1851 immor..

83 1940 107 1978 ,‚
131 1884 262 1972 talem,
295 1884 392 1984 sequi
412 1885 521 1982 parati
545 1882 666 1963 sumus
682 1938 715 1973 ‚‚.
776 1881 873 1976 Quis
899 1907 975 1964 non
999 1885 1122 1966 obstu-

83 1996 203 2104 pescat
226 1995 268 2076 ad
299 1995 450 2079 subitam
479 1994 572 2074 illam
600 1995 754 2077 barbarae
780 1993 1002 2078 Francorum
1032 2021 1126 2104 genf,

82 2111 149 2198 tis,
181 2130 263 2191 cum
293 2111 451 2205 primum
476 2109 566 2204 iugo
592 2105 725 2188 Christi
745 2106 835 2187 colla
862 2107 1119 2201 subdiderunt,
1166 2164 1168 2170 ι

84 2223 353 2306 mutationem,
385 2219 472 2300 dum
500 2242 576 2299 non
596 2218 711 2302 solum
739 2217 879 2326 ipsimet
903 2219 1119 2310 mitescunt,

83 2355 212 2413 uerunt,
241 2334 346 2413 etiam
385 2329 666 2414 mansuefaciunt
691 2326 792 2418 alias,
834 2333 870 2412 in
896 2355 983 2435 quas
1005 2333 1129 2430 paula..

84 2446 153 2530 tim
181 2443 356 2528 ditionem
377 2441 472 2525 suam
507 2447 723 2541 porrigunt,
754 2445 941 2530 nationes,
972 2447 1123 2550 citoque

83 2555 243 2642 formam
273 2551 454 2641 Ecclellae‚
491 2553 694 2652 statumque
725 2553 1021 2640 ecclefiasticum,
1056 2579 1150 2654 ρο..

83 2668 200 2752 litiam
222 2665 352 2750 sacram
379 2689 419 2740 ac
441 2664 604 2748 ordinem
631 2665 893 2748 hierarchicum
925 2661 1125 2748 divinaeim

84 2779 263 2868 stitutioni
288 2802 328 2861 ac
353 2777 539 2876 religionis
560 2776 754 2861 christiana
785 2777 954 2878 dignitati
972 2777 1125 2855 consen·

83 2907 227 2979 teneam
255 2889 415 2988 legitima
438 2889 611 2996 potestate
640 2891 820 2992 praecipue
841 2879 965 2971 iuluis
995 2893 1127 2973 conci.

84 3005 143 3091 iiis
168 3002 436 3088 exhibuerunt.
474 3024 515 3083 ac
551 3001 734 3084 liberrime
758 3025 823 3101 per
852 3001 1000 3086 luorum
1026 3007 1126 3108 prin·

84 3119 213 3216 cipum
231 3116 399 3217 pietatem
417 3129 645 3198 exeruerunt.
703 3111 745 3195 ld
768 3113 898 3200 latium
920 3117 1018 3194 iuxta
1038 3139 1129 3199 con·
1196 3106 1199 3111 ¹

83 3226 205 3315 filiurn
236 3225 310 3308 aS.
333 3223 504 3326 Remigio
530 3225 655 3323 datum
677 3223 896 3312 clodoveo:
927 3225 1127 3308 Sacerdoti.

85 3339 167 3429 bus'
185 3341 255 3419 tuis
293 3337 460 3421 honorem
487 3334 619 3422 debebis
644 3332 818 3436 deferre,
869 3349 903 3417 et
934 3340 981 3423 od
1006 3363 1129 3424 eorum

88 3447 229 3540 cortilia
255 3449 396 3547 stamper
420 3472 615 3532 recurreret
675 3447 828 3553 Quodst
846 3449 933 3535 bene
959 3450 1028 3529 tibi
1048 3475 1128 3534 cum

87 3562 163 3651 illis
177 3565 402 3648 convenerit,
429 3557 708 3666 provinciatim
727 3561 850 3647 melias
870 3561 978 3662 poteri
994 3561 1125 3652 conia..

89 3701 142 3764 τι,
204 3676 313 3760 Secus
336 3678 424 3760 dum
457 3668 716 3773 imperatores,
751 3679 786 3759 in
808 3674 964 3756 Oriente
989 3674 1132 3780 praefer,

91 3795 185 3876 tim,
215 3788 399 3875 fecerunt,
424 3786 598 3867 colluvies
613 3787 784 3879 haeresum
802 3787 990 3870 inundavit
1007 3790 1131 3894 impe·

91 3905 214 3997 rium,
244 3915 352 4011 atque
379 3902 416 3985 in
440 3897 556 3987 caula.
573 3897 669 3996 fuit,
696 3913 737 3986 ut
760 3899 866 3986 natus
888 3897 1131 4007 hierarchicos

889 4010 1074 4119 impotem

133 4117 169 4196 a>
190 4111 237 4188 lib.
257 4113 344 4191 llam
365 4133 416 4198 3¹2
782 4114 788 4128 “
1003 4137 1010 4156 ·

159 4201 163 4208 ι
