2400 4478
204 248 353 328 regnum
373 227 499 322 carru
521 228 561 311 n
581 178 700 323 inm.
732 251 762 313 a
798 228 958 316 araia
1004 245 1118 333 199.

61 448 78 490 ‚,
105 391 275 492 hibentur
299 393 398 491 leget
425 394 576 493 impellis
604 395 813 473 'austoritate
842 396 942 477 iarius
971 395 1083 499 regali
1150 468 1154 474 .

61 564 77 601 ‚,
107 504 262 584 Domini
296 502 490 581 sacerdotes
520 507 562 581 ad
595 505 854 586 effundendum
890 534 1082 598 cruorem.

61 674 76 712 ‚,
107 621 278 715 ignorans
301 618 374 693 iura
396 614 533 694 iustitia
556 617 680 695 tradita
697 621 804 695 nobis
826 619 1015 708 divinitus,
1047 634 1084 700 te

61 787 76 823 .,
106 745 278 807 conatum
298 749 343 804 ex
365 729 493 807 nostris
513 730 650 806 auferre
669 733 845 807 mentibus
861 789 894 824 ‚‚.
952 731 997 811 Et
1014 757 1083 834 po.

61 845 146 926 llea,
169 839 269 940 quod
286 854 393 938 caput
414 841 542 926 estrei,
557 841 758 940 attingens,
790 840 906 920 David
932 868 1018 944 rege
1042 847 1081 924 iu

61 953 265 1052 exemplum
286 951 459 1038 adduilo,
490 953 639 1032 faciente
662 953 832 1029 iudicium
858 969 893 1030 et
915 957 1082 1034 iustitiam

61 1068 91 1141 ln
116 1079 202 1141 toto
229 1061 371 1161 populo
397 1062 461 1139 loo
482 1071 620 1163 pergit3
648 1119 670 1154 ‚,
688 1061 743 1140 Te
766 1087 853 1140 vero
877 1062 944 1142 else
966 1071 1083 1143 cerui.

61 1228 87 1269 „-
108 1201 188 1252 naus
216 1174 382 1250 iniustum
414 1175 588 1262 iudicem,
628 1174 821 1251 cultorum
839 1173 911 1252 Dei
938 1179 1083 1254 interfe-

61 1289 255 1380 „tlorem
315 1285 392 1363 Cur
429 1309 494 1361 nos
534 1284 776 1387 persequeris?
834 1285 978 1386 Nempe
1000 1289 1083 1387 quia

61 1455 75 1490 .,
108 1398 356 1481 noluerimus,
387 1410 427 1472 ut
450 1411 489 1473 tu
512 1421 569 1484 es,
601 1395 674 1472 lieri
698 1396 881 1494 apostata:
912 1401 994 1500 quia
1016 1422 1085 1474 no«

61 1566 78 1602 ‚,
109 1510 282 1584 luerimus
303 1510 450 1583 unicum
475 1506 546 1585 Dei
564 1530 693 1605 negare
718 1504 829 1584 filium
848 1509 917 1586 &o
975 1508 1102 1596 Noli.

61 1677 75 1712 ,,
105 1621 315 1702 Constanti,
358 1639 442 1692 cum
481 1620 615 1695 Arianis
650 1641 811 1716 pugnare
845 1635 970 1697 contra
1006 1619 1081 1698 Dei
1106 1655 1118 1713 j

61 1788 77 1826 ,,
108 1733 282 1807 domum:
315 1727 389 1803 noli
419 1728 659 1806 idololatriam
688 1729 760 1807 Arii
789 1731 1018 1808 introducere
1042 1735 1081 1808 iu

61 1899 77 1934 ‚,
108 1838 316 1925 Ecdefiaor,
343 1839 418 1914 noli
443 1865 575 1938 negare
599 1842 745 1918 unicum
769 1837 880 1917 filium
903 1841 995 1936 Dei,
1019 1840 1089 1919 de«

61 2009 77 2046 ‚‚
107 1952 178 2031 stne
204 1949 364 2052 persequi
390 1951 619 2050 apostolicam
639 1968 746 2053 atque
773 1953 1016 2052 evangelicam
1039 1953 1082 2031 fi-

61 2122 77 2158 ,,
107 2062 200 2142 dena.
258 2059 345 2143 Haec
380 2066 462 2162 quia
495 2063 666 2150 dicimus,
711 2063 876 2142 videmur
912 2063 980 2141 effe
1015 2066 1081 2144 tibi

61 2232 77 2269 ,,
108 2176 262 2253 inimici:
294 2171 381 2250 sicut
399 2175 545 2252 fuerunt
563 2177 638 2274 tegi
660 2197 739 2258 vera
757 2173 821 2257 libi
841 2175 999 2253 dicentes
1014 2179 1083 2277 iniq

61 2343 79 2383 ‚‚
109 2289 193 2363 mici
212 2310 271 2376 „p
303 2284 385 2362 Post
413 2287 505 2364 duos
530 2286 640 2362 libros
667 2308 734 2385 pro
759 2285 792 2364 S.
819 2285 1007 2364 Athanasio
1032 2287 1087 2365 ie·

61 2403 180 2500 quitur
209 2396 248 2471 de
279 2394 419 2492 regibus
447 2394 639 2493 opolluticis
667 2397 758 2473 liber
780 2422 892 2475 uuus:
938 2399 979 2474 de
1014 2386 1087 2499 nup

61 2507 289 2587 conveniendo
321 2531 397 2583 cum
422 2510 590 2585 haereticis
614 2508 703 2582 liber
727 2509 772 2589 ad
799 2510 952 2585 eundem
981 2508 1088 2586 C0u‹

61 2624 227 2700 stantium
257 2623 342 2718 imp.
374 2622 575 2719 iterumque
603 2617 643 2693 de
661 2640 730 2692 non
746 2619 919 2714 parcendo
946 2623 984 2693 in
1010 2617 1084 2694 Da·

61 2758 117 2810 um
139 2727 433 2826 delinquentibus,
477 2734 538 2808 ubi
555 2753 638 2807 eum
665 2727 702 2816 u)
722 2730 834 2828 palam
875 2730 1080 2808 haereticum

61 2860 185 2929 vocat,
209 2866 315 2941 quent
336 2845 506 2943 repererit
524 2842 693 2941 operibus
722 2840 789 2917 suis
821 2838 888 2917 effe
906 2865 1016 2918 unum
1036 2842 1083 2921 ex

61 2949 146 3042 illis,
193 2954 237 3029 de
274 2957 403 3053 quibus
443 2958 563 3030 beatus
593 2952 763 3030 loannes:
794 2949 955 3042 uudillis,
1000 2947 1086 3048 quia
1122 2950 1126 2956 ’

61 3062 279 3149 antichrillm
313 3069 429 3143 verrit:
470 3087 562 3140 nunc
595 3072 711 3139 autem
749 3061 945 3151 antichrilli
978 3053 1085 3139 multi

61 3180 147 3263 lunt.
167 3174 204 3265 la)
233 3175 276 3255 Et
302 3179 421 3277 postea
445 3178 489 3253 de
512 3188 667 3276 quatuor
693 3175 809 3251 bestiis
835 3173 974 3254 Daniel.
1000 3168 1085 3254 Vll..

61 3306 218 3394 quatuor
245 3312 355 3386 regna
385 3287 647 3387 defignantrbus
682 3340 704 3379 ‚,
721 3302 889 3363 caeterum
913 3285 1086 3388 (inquit)

61 3460 78 3496 ,,
108 3417 241 3499 quartae
264 3401 355 3479 illius
382 3403 496 3477 bestiae
520 3416 554 3486 te
582 3421 706 3497 gerere
730 3397 1016 3483 similitudinem.
1048 3415 1084 3474 te

61 3570 79 3607 „
111 3514 187 3589 hac
213 3513 360 3610 implere
382 3510 449 3590 elle
474 3514 701 3608 cupientem,
743 3534 821 3609 quae
844 3512 889 3586 de
915 3509 969 3587 illa
999 3533 1087 3608 prae-

61 3682 80 3719 „
112 3625 203 3701 ditia
235 3624 334 3710 lunt,
365 3624 467 3724 quod
503 3620 587 3701 ellet
618 3621 829 3720 impletura,
861 3621 1085 3697 manifestum

61 3789 84 3831 „
116 3737 182 3819 est..
236 3735 415 3836 Scriptum
441 3737 488 3811 est
514 3738 608 3811 euim
634 3730 677 3810 de
698 3734 933 3817 autichristm'
965 3734 1022 3807 cui
1045 3743 1085 3806 tu

61 3905 82 3942 ,,
112 3846 327 3935 affimilaris,
357 3863 417 3925 aut
444 3848 514 3948 ipse
533 3846 601 3923 elie
623 3845 804 3922 iudicaris:
833 3840 1088 3919 uerbaadveo

250 3986 253 3993 ·
528 3957 565 4036 Ν
594 3977 623 4049 4
954 3950 1033 4040 sut.

107 4072 141 4148 a)
163 4092 192 4135 n.
221 4082 269 4144 17.
291 4081 319 4144 p.
345 4080 413 4142 230.
477 4065 510 4137 b)
531 4081 562 4124 n.
587 4073 633 4135 18.
656 4054 781 4139 pati«
