2400 4478
271 168 422 299 regnum
444 191 575 293 curiit
592 197 632 275 in
650 197 771 293 terrie.
793 220 822 291 r.
838 193 925 279 XX.
1039 148 1119 301 ῗιςι

77 385 162 441 mus
175 358 372 441 secundum
390 360 481 440 illud
498 359 646 462 Apocal.
661 357 756 440 XX.
775 379 813 454 4.
836 364 909 443 &u
923 361 1012 444 dum
1029 366 1119 446 vidit

75 475 112 552 S.
142 472 431 571 Immensum,
481 484 516 550 et
535 470 704 570 fiderunt
722 471 825 570 [uper
847 498 921 563 eas,
967 489 1002 553 rt
1021 478 1118 554 iudi-

74 589 171 664 cium
195 585 316 661 datum
343 583 387 674 rii
405 579 499 662 iliis:
537 597 571 661 et
595 586 733 662 animas
756 585 1002 665 decoiutorum
1029 605 1115 685 pro-

70 711 155 798 pter
174 696 408 786 testimonium
431 695 531 794 Iesu,
571 706 605 772 et
618 708 765 793 propter
784 696 934 780 verbum
963 699 1054 778 Dei:
1080 696 1116 779 ei

72 814 225 909 quinon
248 811 491 886 odoraverunt
512 805 653 897 bailiam
677 811 747 887 &u
805 811 847 889 id
871 814 973 912 quod
990 815 1039 892 est
1059 837 1116 891 re·

74 948 194 1023 gnum
214 922 305 999 iilud
327 921 582 1022 triumphantis
602 919 707 999 fimul
731 935 768 999 et
787 923 969 1001 militantis
993 923 1116 1004 Eccle-

76 1035 140 1114 iiae.
201 1032 304 1113 Vidit
319 1032 569 1135 itaquess’des‚
598 1045 633 1110 et
650 1033 821 1110 iudicium
842 1035 964 1113 aarum
990 1033 1114 1117 Eccle-

76 1145 151 1236 fiae,
191 1170 309 1246 regno
333 1144 464 1224 Christi
490 1147 528 1221 in
556 1149 687 1225 tetris:
735 1147 825 1227 vidit
844 1166 880 1226 et
899 1151 1036 1224 animm
1056 1148 1115 1226 de·

75 1259 300 1344 collaturum,
331 1272 530 1360 martyrum
552 1257 683 1337 scilicet
703 1271 741 1336 et
761 1259 915 1336 aiiorum
936 1284 1115 1362 quorum·

76 1396 235 1472 cunique
258 1369 478 1468 ianitorum,
524 1371 586 1466 qui
611 1393 682 1445 non
702 1369 947 1447 odoraverunt
972 1369 1129 1461 bestiam

74 1507 183 1580 neque
206 1484 400 1578 imaginem
425 1484 521 1568 eius,
556 1498 620 1560 nee
646 1493 852 1576 acceperunt
875 1483 1113 1562 churuiierem

75 1600 147 1676 cius
177 1597 216 1672 in
242 1592 427 1693 frontibus
458 1605 520 1668 uui
549 1595 589 1668 in
615 1592 778 1673 munibus
799 1593 904 1692 suis,
958 1606 992 1674 et
1010 1598 1114 1674 vixe-

74 1717 192 1796 runt,
240 1716 276 1783 et
301 1714 546 1803 regnaverunt
579 1727 658 1782 cum
692 1702 826 1796 Chresto
853 1707 960 1791 ¹milia
995 1709 1109 1786 annis.
1167 1737 1168 1741 ι

76 1820 212 1901 Vivere
246 1841 361 1896 omnes
391 1819 501 1906 dicit,
527 1904 529 1909 ,
555 1815 637 1897 sunt
667 1819 774 1898 verba
810 1819 846 1896 S.
864 1817 1039 1921 Cypriani
1067 1818 1113 1899 dc

76 1933 219 2013 exhort.
249 1929 485 2032 Martyrum,
523 1939 725 2027 etregnure
745 1953 825 2006 cum
857 1927 1012 2021 Christo,
1043 1947 1150 2008 non'

75 2037 217 2127 rantum
236 2041 423 2137 Martyres
445 2043 510 2120 &c
571 2038 617 2119 Et
645 2042 680 2120 S.
700 2041 920 2142 Augustinus
940 2040 978 2132 a)
998 2042 1115 2136 „Ne-

75 2181 198 2258 ³,que
237 2158 334 2234 enim
382 2159 527 2255 piorum
570 2157 696 2233 animae
739 2169 972 2236 mortuorum
1016 2146 1114 2256 iepa‘·

74 2327 97 2369 „
126 2283 251 2349 rantur
267 2270 311 2342 ab
333 2263 481 2345 Ecciefia
495 2311 513 2352 .=
538 2289 618 2368 quae
635 2269 742 2344 etiam
761 2289 862 2346 nunc
887 2266 937 2344 est
953 2272 1110 2366 reguum

74 2439 97 2479 „
125 2380 272 2460 Christi.
302 2378 473 2480 Alioquin
494 2399 560 2455 nec
583 2376 627 2454 ad
644 2377 753 2458 altare
768 2376 841 2457 Dei
862 2377 963 2455 fieret
981 2400 1112 2457 eorum

74 2550 97 2588 „
125 2493 302 2570 memoria
323 2495 360 2566 in
387 2491 725 2568 communicatione
746 2493 912 2590 corporis
931 2489 1062 2568 Christi
1076 2546 1110 2582 „.
1149 2501 1153 2511 '

76 2606 136 2685 Sic
162 2603 363 2684 sacerdotes
386 2599 547 2680 Ecclesiae
581 2599 767 2678 militantis
796 2604 1110 2680 communicantee

75 2741 160 2798 cum
189 2716 322 2792 Sanctis
350 2715 575 2792 constituunt
597 2735 753 2812 regnum
784 2703 1009 2790 sacerdotale.
1067 2709 1114 2788 Er

76 2838 182 2931 errent
207 2825 396 2922 sacerdotes
425 2823 495 2901 Dei
513 2834 547 2900 er
576 2821 729 2918 christi,
760 2836 794 2900 et
811 2820 1012 2920 regnabunt
1033 2847 1112 2900 cum

76 2963 114 3021 m
141 2939 235 3039 milia
261 2941 385 3027 anitii,
415 2937 458 3013 ad
482 2934 836 3016 consummationem
857 2937 1113 3039 nempeieculi

74 3052 224 3158 usque‚'
241 3066 281 3129 ut
302 3049 523 3149 ostendimus
548 3073 626 3151 cap.
644 3047 715 3131 IX.

162 3180 376 3292 Haiienus
365 3236 403 3288 m
431 3212 586 3309 liturgiae
610 3204 784 3289 Romana
814 3227 986 3300 canone,
1033 3233 1114 3313 quar

75 3268 129 3408 cst
150 3320 329 3450 potior
300 3322 455 3400 sacrificii
479 3325 659 3403 incruenti
687 3345 789 3422 pars,
827 3319 1035 3424 exceptaB
1064 3322 1111 3402 V.

77 3438 205 3531 Mar-ia
226 3437 311 3512 suli
341 3434 506 3543 Apostoli
545 3447 582 3513 et
613 3431 822 3537 Martyres
839 3449 1112 3523 memorantur.

76 3550 191 3632 veluti
214 3552 334 3626 ctiam
346 3548 402 3624 illi
415 3545 529 3625 effuso
550 3547 617 3624 suo
643 3545 813 3647 sanguine
836 3550 983 3650 proprie
1000 3548 1116 3651 mugit

77 3676 272 3757 cruentum
297 3659 466 3739 Christi'
457 3684 493 3735 m
516 3657 671 3762 p'aiitone
693 3683 734 3738 ac
748 3676 875 3739 morte
905 3647 1112 3736 sacrificium

76 3759 406 3879 representatum,
444 3777 517 3938 per.
516 3770 644 3873 plura
677 3786 797 3852 tameo
825 3769 974 3851 secula
965 3793 1000 3844 m
1022 3767 1114 3845 anti·

577 3880 613 3962 K
638 3905 666 3979 4
868 3880 1113 4034 quioribus

76 3990 232 4120 solih
242 3972 324 4105 XX
343 3966 406 4161 ιιι
401 4036 460 4149 ιιι.
484 4035 541 4102 Dei
563 4056 589 4102 e.
607 4055 640 4139 9.¹
