2400 4478
169 236 248 359 398
521 218 665 317 Erclriiu
688 220 848 303 militans

165 391 277 469 reutis
309 387 350 463 de
381 388 444 462 viu
471 383 568 475 iulia.
629 385 670 464 ld
697 386 799 488 quod
816 388 979 487 contigit
1010 388 1098 493 impe

164 505 264 582 ribus
281 499 374 586 illis,
407 498 451 575 de
468 501 598 600 quibus
619 498 786 576 hattenus
808 499 923 578 locuti
945 501 1088 591 sumus,
1167 544 1185 621 qr

128 688 130 692 .
164 618 249 695 dem
281 615 393 688 etiam·
414 614 568 708 imperio
592 611 760 704 deieuis3
792 615 844 688 uti
871 612 964 688 ulim
996 622 1110 717 pariter
1167 633 1186 709 ι(

164 728 258 830 perti
285 728 365 800 sunt
392 725 610 822 imperantes
638 719 765 799 Romae
790 723 1035 804 debellatricis
1063 728 1088 805 ia

20 890 24 897 .
164 860 271 916 rum:
315 835 416 936 quod
447 835 497 909 eii
519 832 749 934 Apocalypsis
781 834 817 911 S.
838 835 1012 925 loannis,
1043 839 1136 919 utrii
1182 883 1186 897 ·

163 973 265 1034 mus,
295 958 561 1046 argumentum.
620 943 745 1022 Refert
778 946 812 1023 S.
831 944 1041 1046 Gregorius
1057 951 1125 1029 ur
1182 1008 1186 1041 1

162 1062 225 1140 lib.
244 1059 289 1138 ll.
320 1082 349 1136 c.
377 1069 435 1146 38.
468 1060 538 1133 iam
559 1054 797 1134 Clodovaeum
816 1061 861 1134 ab
901 1059 1125 1165 Anastasiou
1183 1050 1187 1064 ’

160 1172 350 1253 codicillos
380 1171 424 1244 de
454 1168 640 1245 consulatu
674 1167 873 1269 accepisse,
921 1176 960 1250 iu
991 1168 1129 1250 basuini

159 1737 339 1847 gerinum
356 1730 388 1806 ie
411 1733 602 1817 nominat,
644 1727 771 1806 Romae
803 1754 848 1807 eo
880 1732 1026 1811 coniiiio
1048 1755 1099 1809 cuu
1120 1728 1126 1745 '
1145 1736 1189 1837 inii

159 1860 236 1927 tuta
262 1841 441 1945 pontificis
471 1842 577 1926 sede,
609 1856 649 1917 ut
678 1866 802 1941 pacem
828 1840 993 1923 Orientis
1018 1841 1091 1922 et0
1118 1840 1124 1855 ⁰
1147 1846 1185 1924 dur

153 2406 273 2509 postea
304 2401 433 2502 Pipino
460 2394 496 2479 e't
520 2399 655 2479 Carulu
687 2397 738 2477 Μ.
759 2399 827 2479 fuit
850 2402 967 2482 delata
998 2402 1100 2504 apum
1165 2414 1179 2453 ··

152 2519 254 2598 cibus
276 2514 462 2594 Romanis.
622 2606 625 2611 ³
1187 2532 1191 2540 ·

668 2700 671 2706 *
1141 2678 1150 2714 h

235 2731 282 2813 At
311 2727 457 2810 demum
489 2720 618 2808 Roma
643 2747 740 2806 anno
773 2720 921 2810 seculari
950 2742 1035 2817 800·
1057 2717 1150 2826 Cau„

152 2847 209 2925 ius
229 2845 279 2923 Μ.
299 2850 498 2944 imperator
515 2843 703 2928 i'alutatur,
725 2861 760 2917 er
774 2861 977 2933 coronatur
993 2823 1120 2934 nunapui
1141 2901 1150 2938 ‚‚

150 2960 277 3037 lovem
294 2957 554 3056 capitolinum,
584 2954 641 3030 sed
661 2953 704 3028 ad
733 2953 935 3051 sepulcrum
966 2953 1010 3032 D.
1024 2944 1120 3031 term
1140 3014 1150 3050 n

56 3088 59 3093 ’
148 3070 326 3148 Vaticano
344 3093 361 3144 a
379 3065 504 3145 Leone
522 3063 584 3143 ΙΙΙ.
605 3064 644 3142 Ρ.
665 3064 717 3142 Μ.
738 3068 774 3140 in
795 3065 874 3143 sede
892 3056 1119 3167 apostolicam

147 3179 284 3260 ceiinre
309 3180 465 3258 eiusdem
497 3178 744 3278 apostulorum
772 3180 944 3277 principis
965 3170 987 3264 ,’
1017 3177 1065 3256 ubi
1139 3235 1148 3274 ,‚

144 3292 311 3379 clessam,
341 3291 503 3368 adversus
524 3312 631 3389 quam
660 3307 777 3389 purtae
806 3289 909 3366 inferi
934 3314 1008 3368 uon
1042 3307 1092 3386 pra
1138 3349 1149 3388 r

144 3405 289 3490 lebunt,
321 3403 492 3500 sanguine
520 3403 585 3478 suu
616 3400 800 3488 fundavit,
840 3399 1000 3480 aRoma
1025 3393 1099 3478 deul
1139 3461 1149 3498 „

143 3521 234 3598 trice
263 3514 462 3592 santiorum
483 3516 519 3588 in
538 3537 682 3590 crucem
707 3514 812 3588 instar
829 3510 989 3612 magistri
1007 3515 1050 3591 sui
1068 3506 1120 3584 auu
1140 3573 1150 3613 ἦ

142 3743 272 3825 Christi
297 3739 442 3837 eiusque
465 3735 694 3831 fundorum.
736 3761 830 3837 quos
858 3737 948 3815 dum
980 3742 1017 3814 in
1042 3744 1122 3837 euru!

117 3848 1081 3956 ’imaginibusinhonoranticonoclastaeimperatures.
1143 3873 1175 3958 qui

139 3973 237 4048 tonis
262 3964 528 4048 Romanorum·
552 3964 781 4064 imperaturis
807 3959 1054 4052 succefforea,
1087 3956 1108 4036 R
1144 3977 1188 4059 tius

967 4140 971 4146 .
1021 4095 1104 4155 man
