2400 4478
34 259 59 279 ’-
85 249 94 352 ι’
196 267 347 342 regnum
376 237 696 334 Chrisiinterris.
717 265 746 320 c.
766 241 951 323 XXXIX.
1012 257 1089 338 363
1139 255 1155 306 7

10 411 169 499 t'citat,
201 407 311 508 pleno
327 405 436 484 titulo
456 409 674 511 auspicatus:
704 405 842 502 „Quia
865 408 992 485 divinae
1012 432 1099 508 pto-

10 547 26 597 ι
56 521 275 617 „videntia
311 519 499 596 clementia
528 522 627 597 urbis
655 534 691 597 et
717 523 815 596 orbis
850 521 1097 618 gubernacula

10 692 16 721 ,
58 683 83 736 ,‚
112 649 294 720 tenemuS,
330 636 429 708 iuxta
446 631 602 708 diversos
622 644 771 709 eventus
796 655 936 718 rerum,
969 650 1005 709 et
1022 633 1097 708 suc-

10 747 83 841 ἱ»
111 744 281 823 cessiones
309 760 519 843 temporum
549 743 646 821 sacro
676 746 829 844 imperio
857 761 892 820 et
921 746 1010 822 divae
1031 747 1098 819 rei·
1143 783 1144 786 κ

10 846 84 964 p„
116 859 268 957 publicae
291 855 480 932 consulere
504 858 676 943 debemus
701 912 734 948 „.
794 856 873 933 Nos
891 857 951 932 hic
973 877 1098 956 praete-

24 1005 26 1051 ;
58 975 194 1055 rimus,
225 992 304 1067 quae
325 967 522 1045 Fridericus
541 971 721 1045 contraria
739 967 811 1054 his,
843 971 953 1044 toties
978 995 995 1044 a
1016 967 1098 1044 nte.

10 1051 353 1169 isdiolauensibus,
388 1105 481 1179 quos
502 1098 602 1180 capta
641 1084 728 1157 urbe
754 1103 795 1155 ac
829 1080 958 1156 deinde
986 1084 1096 1157 etiam

10 1199 25 1293 ς]
60 1193 178 1271 excisa
208 1191 349 1291 pessime
373 1192 519 1279 habuit,
537 1195 684 1286 nisius,
715 1189 817 1288 geffit
844 1195 879 1266 iu
905 1194 1098 1269 vastatione

10 1321 120 1407 etot
143 1306 285 1381 urbium
312 1304 437 1390 ltaliae,
481 1306 582 1402 quod
610 1305 814 1380 dominium
846 1305 1024 1402 imprimis
1048 1305 1098 1380 af-

59 1417 234 1506 feciabat,
257 1419 402 1516 utrique
421 1417 625 1513 reipublicae
649 1416 750 1491 sactae
774 1434 809 1491 et
833 1416 1014 1514 profanae,
1057 1439 1099 1494 ac

18 1520 40 1609 ¹.
60 1532 207 1629 utrique
236 1530 338 1626 genti
371 1526 499 1603 italicae
522 1543 558 1603 et
590 1526 814 1605 Germanica
843 1528 1099 1626 perniciosum.

60 1640 215 1720 Novum
237 1661 390 1737 pomum
416 1639 536 1716 eridos
563 1642 599 1715 in
627 1639 698 1714 sera
729 1654 894 1739 tempora
918 1641 985 1715 fuit
1014 1640 1101 1716 Sici·
1148 1672 1151 1676 ·

10 1824 15 1855 ἦ
57 1752 117 1830 liae
143 1775 317 1850 regnum,
350 1752 407 1827 cui
431 1750 587 1828 maxime
604 1752 761 1829 inhiabat
782 1752 888 1828 etiam
914 1750 1004 1829 filius
1023 1749 1099 1828 Fri·

60 1865 174 1942 defici
199 1863 377 1940 Henricus
401 1860 466 1939 VI.
499 1866 667 1964 quicum
692 1867 811 1940 minus
834 1888 941 1964 quam
972 1885 1099 1964 parent

17 2051 20 2054 ,
60 1975 275 2078 presumere
294 1974 494 2062 videretur,
526 1993 679 2061 conatus
699 1974 934 2052 nihilominus
956 1976 1096 2061 fuerat,

10 2077 256 2191 f·imperium
289 2085 549 2164 hereditarium
579 2087 737 2164 reddere.
808 2086 848 2165 sd
883 2088 1012 2188 quod,
1057 2102 1098 2165 ut

10 2193 18 2248 s
37 2264 38 2267 a
61 2200 267 2302 paulopost
284 2198 507 2286 videbimus,
528 2215 605 2279 tum
623 2201 818 2298 imperium
838 2197 1099 2277 Germanicum

10 2281 35 2360 s*
56 2304 181 2394 'secum
214 2312 257 2387 ad
292 2313 431 2387 ruinam
458 2311 795 2413 propemodumin
823 2334 960 2410 magno
986 2313 1098 2387 inter·

10 2421 21 2518 ¹·
61 2448 179 2522 regno
198 2421 391 2523 praesertim
411 2422 610 2507 commifit,
638 2447 722 2508 cum
738 2427 844 2528 etiam
860 2420 1099 2500 sacerdotium

10 2532 103 2639 set
123 2537 339 2635 imperium:
377 2533 481 2612 dum·
504 2533 690 2634 pontifices
718 2534 795 2635 ipso
820 2535 925 2613 huius
952 2534 1103 2612 haeredi·

10 2647 20 2751 'j
57 2652 169 2726 >tariae1
183 2643 404 2723 succesionis
424 2647 577 2725 obtentu
604 2646 671 2723 sese
698 2663 895 2750 opponunt
910 2649 948 2721 in
966 2644 1102 2747 Philip·

10 2755 25 2809 Ἰ
64 2779 117 2862 po
151 2774 187 2837 et
226 2757 410 2836 Ftidetico
431 2757 474 2835 11.
503 2758 643 2836 familia
674 2755 993 2846 Hohenstaufficae,
1033 2756 1105 2836 Gi·

10 2869 25 2920 s
61 2867 230 2970 bessina,
274 2867 383 2947 Rom.
420 2867 583 2949 Ecclesia
612 2860 769 2966 insestae3
815 2867 942 2948 incesse
973 2871 1031 2970 spe
1063 2873 1101 2946 in

10 2977 27 3034 Ἰ
62 2975 291 3064 Fridericos.
324 2997 438 3058 matre
456 2980 623 3081 Guelpha
649 2998 752 3060 nato:
783 2981 909 3060 frustra
927 2984 1101 3060 nimirum

10 3092 25 3169 i
64 3097 165 3173 ferro
193 3094 286 3171 testae
312 3095 416 3170 misto
450 3093 544 3172 Dan.
561 3095 607 3172 11.
638 3111 701 3188 43.
732 3087 802 3172 Etsi
826 3114 914 3171 vero
943 3092 1014 3195 ipsa
1033 3092 1103 3171 sta-

10 3203 51 3304 ’ς
65 3204 112 3315 lia
130 3203 221 3284 scissa
241 3203 326 3281 esset
342 3203 545 3305 Guelphica
565 3221 602 3283 et
623 3205 998 3296 Gibessinasadione3
1029 3206 1105 3284 haec

10 3313 20 3433 ξ
52 3316 1102 3424 ‘pamendetestabilemsefece-ratimmensrsexatiionibua,

10 3455 14 3540 ξ
62 3431 347 3532 depopulatione
363 3452 404 3506 ac
418 3430 571 3507 violenta
588 3428 819 3532 oppressione
836 3433 995 3518 urbium,
1015 3453 1101 3530 pro-

66 3546 265 3620 vinciarum
299 3557 335 3620 et
358 3565 561 3641 regnorum
586 3538 859 3644 Langobardici
888 3560 924 3621 et
950 3542 1102 3631 Sicilia,

66 3655 175 3734 etiam
201 3652 539 3746 subHenricon.
690 3667 700 3673 “

139 3831 274 3971 ⁴·Qtod
303 3889 390 3942 vero
420 3865 566 3946 schisma
587 3869 714 3944 attinet
734 3865 770 3940 in
799 3859 952 3943 Ecclefia
971 3863 1106 3942 Roma-

70 3999 117 4115 na
134 3975 350 4056 afriderico
368 3977 512 4070 fotum,
543 3979 650 4059 huius
673 3980 873 4079 pertinacia
896 3977 931 4055 id
954 3975 1107 4168 ipspsttri-
