2400 4478
183 267 333 341 regnum
353 241 481 334 cartul·
500 247 547 337 in¹
561 193 681 323 terris.
700 201 735 324 r,
754 240 938 327 XXXIX.
986 269 1079 344 357

49 407 133 486 lata:
159 405 238 501 „ad
259 431 328 482 nos
358 405 549 492 miserunt,
580 400 776 506 (inquit,)
810 415 845 482 et
884 413 1077 488 maximam

49 578 65 614 ,,
95 522 291 620 pecuniam<
304 531 376 617 pro
403 517 571 594 fidelitate
594 543 722 594 eorum
744 542 790 595 ac
811 518 982 607 servitio,
1013 526 1079 599 tr'u

49 655 246 735 „quoque
269 631 410 706 anobis
444 635 641 717 iuramenta
672 629 929 730 exquifierunt,
989 631 1078 712 lnde

49 802 65 837 ‚‚
93 768 175 821 cum
199 744 354 819 domino
383 766 473 841 papa
501 759 537 817 et
566 741 803 820 cardinalibus
831 743 981 821 consilio
1013 748 1079 822 ini·

49 914 65 949 ‚‚
96 871 156 942 to,
188 859 271 955 quia
295 849 487 953 imperium
515 879 635 930 emere
662 855 875 942 noluimus,
915 874 949 933 et
969 850 1079 933 sacru·

49 1023 65 1062 ,
94 983 214 1048 menta
234 967 346 1062 vulgo
362 967 521 1063 praestare
542 992 616 1042 non
640 968 849 1052 debuimus,
883 985 922 1044 ut
949 994 1103 1050 omnes.

49 1131 64 1178 Β
95 1077 266 1156 doloret
298 1078 581 1170 machinamenta
600 1103 745 1180 weorum
789 1079 1073 1169 declinaremus,

49 1251 65 1287 ,
97 1189 296 1270 Otiaviano
328 1190 503 1269 cardinale
527 1191 780 1280 conducente,
822 1197 976 1267 maxima
998 1218 1076 1292 pars

49 1362 64 1398 Β
97 1303 227 1379 militiae
247 1302 373 1382 nostrae
395 1303 499 1377 nolle
527 1326 590 1400 per
619 1317 761 1401 portam
788 1304 970 1401 parvulam
993 1310 1076 1382 iux·

49 1473 66 1511 ,,
95 1429 129 1493 ta
156 1415 189 1492 S.
209 1412 354 1492 Petrum
377 1417 540 1498 intravit,
572 1428 607 1488 et
627 1412 674 1493 src
699 1417 952 1492 monasterium
971 1416 1077 1494 santii

49 1585 63 1622 ‚,
95 1527 187 1604 Petri
214 1528 489 1624 preoccupavit.
550 1523 660 1600 Mane
677 1525 769 1602 sablo
794 1525 964 1605 dominus
985 1553 1078 1627 papa

49 1664 68 1735 ,’
91 1662 175 1717 cum
197 1652 272 1716 tota
296 1635 436 1735 ecclesia
459 1637 502 1710 ad
535 1636 710 1739 basrlicam
737 1639 770 1716 S..
786 1637 877 1715 Petri
899 1665 966 1716 nos
987 1665 1076 1739 prae·

49 1808 63 1846 ,
91 1748 216 1836 cefflt,
273 1763 308 1825 et
327 1749 370 1823 ad
393 1749 525 1847 gradus
549 1772 632 1825 cum
665 1747 820 1826 maxima
851 1751 1079 1850 processone·

49 1921 62 1957 ,
95 1887 162 1938 nos
211 1859 387 1957 suscepit,
457 1876 493 1936 et
533 1858 642 1955 missa
679 1862 852 1940 celebrata
902 1865 944 1940 ad
990 1864 1078 1942 alta-

48 1980 65 2069 ‚'
90 2000 128 2072 re
155 1973 215 2052 SS.
241 1970 491 2072 apostolorum
527 1971 622 2049 Petri
656 1989 691 2052 et
725 1973 824 2052 Pauli
856 1977 892 2051 io
932 1976 1081 2054 honore·

49 2145 64 2180 ‚,
96 2087 128 2165 S.
155 2085 281 2163 Mariae
309 2087 481 2182 virginis,
506 2089 589 2184 quia
617 2084 824 2164 sabbathum
843 2103 941 2172 erat,
969 2090 1078 2191 bene-
1121 2179 1122 2182 Ἴ

49 2257 64 2293 ,,
94 2197 289 2276 dictionem
321 2209 470 2274 corona
497 2195 654 2275 Romani
683 2201 823 2298 imperii
848 2199 994 2298 largiter
1023 2188 1077 2278 sn-
1140 2280 1143 2285 ,

49 2367 64 2404 ,
95 2335 159 2411 per
189 2325 298 2409 caput
329 2309 497 2384 nostrum
524 2309 662 2409 effudit·
681 2367 703 2403 υ
754 2310 883 2388 Narrat
907 2314 1075 2416 deinceps

49 2422 263 2507 sridericus,
286 2420 478 2528 quomodo
494 2419 651 2498 Romani
666 2447 793 2522 papam
811 2447 939 2523 capere
955 2424 1080 2501 volu-e·

49 2538 136 2626 rint,
162 2533 383 2620 amilitibus,
408 2547 483 2609 tota
504 2535 561 2610 die
580 2557 663 2610 cum
685 2533 858 2612 Romanis
873 2534 1075 2634 confligen-

49 2649 165 2732 tibus,
204 2645 414 2730 liberatum,
440 2644 559 2746 sicque
589 2646 623 2721 se
640 2670 722 2723 cum
747 2647 935 2747 triumpho
964 2633 1076 2731 vitios-

49 2783 118 2835 rem
149 2753 355 2844 discessisse,
392 2776 479 2834 cunr
508 2780 597 2856 papa
621 2757 717 2857 apud
746 2757 870 2835 Albam
897 2758 1077 2835 familiari·
1126 2786 1130 2794 ·

49 2896 95 2950 :er
117 2875 308 2946 motatum.
367 2867 474 2955 Haec,
507 2892 632 2968 quaeve
661 2870 781 2968 postea
821 2868 917 2949 Otto
945 2872 1004 2949 lib.
1029 2869 1072 2949 ll.

49 2985 85 3059 le
110 2981 216 3081 gestis
248 2979 447 3066 Friderici‚
507 2985 698 3076 praesertim
726 2981 772 3058 ad
806 2975 1001 3060 Arnaldum
1029 2983 1076 3060 de
1117 2980 1120 2985 ⁴

49 3094 159 3175 3rixia
184 3108 220 3170 et
245 3091 465 3190 legationem
492 3089 745 3170 Romanorum
777 3097 961 3198 attinentia
996 3095 1077 3195 pl'u-
1137 3177 1139 3182 ,

49 3211 142 3285 ribus
172 3203 394 3304 persequitur
423 3226 525 3302 capp.
546 3223 608 3279 20.
626 3203 1004 3306 seqq.'commemorat
1024 3212 1078 3315 ip.

49 3323 81 3417 ffe-
96 3318 121 3396 F
124 3309 294 3395 ridericus
322 3319 357 3391 in
374 3315 519 3414 epistola
536 3315 591 3392 illa
611 3317 661 3392 ad
695 3332 863 3419 patruum
885 3320 986 3398 suum
1003 3317 1093 3397 Οἰ-Ι

49 3455 169 3510 :onem
191 3425 449 3526 Frisrngensem
475 3428 691 3527 perscripta,
724 3444 764 3506 ut
785 3455 867 3507 eum
899 3431 942 3507 ad
967 3429 1077 3508 histo·

49 3547 131 3621 riam
149 3541 206 3616 seu
228 3541 323 3640 gesta
347 3539 404 3616 sua
432 3539 612 3617 scribenda
630 3544 812 3618 animaret.
871 3543 1020 3620 Utinam
1039 3545 1073 3617 in

54 3661 85 3733 is
109 3651 218 3736 nihil,
243 3653 342 3752 quod
365 3653 572 3729 concordie
595 3652 679 3732 huic
715 3655 808 3730 luter
836 3652 1074 3730 sacerdotium

49 3784 79 3848 at
96 3764 286 3861 imperium
304 3761 516 3850 dissonaret,
548 3765 716 3867 deinceps
736 3754 965 3843 occurreret!
996 3763 1077 3840 Uti.

49 3901 130 3959 narn
148 3898 234 3954 cum
258 3875 417 3983 Arnaldo
446 3872 492 3958 de
513 3875 653 3966 Brixia,
699 3901 807 3978 quem
834 3893 920 3954 tunc
950 3875 1076 3955 Romae

406 4078 409 4086 ¹
523 4085 559 4169 Z
590 4107 611 4178 3
709 4146 710 4150 a
910 4109 1023 4172 ‚anno
