<?xml version="1.0" encoding="UTF-8"?>
<!DOCTYPE html PUBLIC "-//W3C//DTD XHTML 1.0 Transitional//EN"
    "http://www.w3.org/TR/xhtml1/DTD/xhtml1-transitional.dtd">
<html xmlns="http://www.w3.org/1999/xhtml" xml:lang="en" lang="en">
 <head>
  <title>
</title>
<meta http-equiv="Content-Type" content="text/html;charset=utf-8" />
  <meta name='ocr-system' content='tesseract 3.04.00' />
  <meta name='ocr-capabilities' content='ocr_page ocr_carea ocr_par ocr_line ocrx_word'/>
</head>
<body>
  <div class='ocr_page' id='page_1' title='image "./ecclesiamilitan00gerbgoog_0207.png"; bbox 0 0 2400 4478; ppageno 0'>
   <div class='ocr_carea' id='block_1_1' title="bbox 193 225 1155 366">
    <p class='ocr_par' dir='ltr' id='par_1_1' title="bbox 193 225 1155 366">
     <span class='ocr_line' id='line_1_1' title="bbox 193 225 1155 366; baseline -0.001 -49"><span class='ocrx_word' id='word_1_1' title='bbox 193 256 344 336; x_wconf 76' lang='lat' dir='ltr'>regnum</span> <span class='ocrx_word' id='word_1_2' title='bbox 375 235 502 332; x_wconf 70' lang='lat' dir='ltr'>Christi</span> <span class='ocrx_word' id='word_1_3' title='bbox 529 236 582 360; x_wconf 72' lang='lat' dir='ltr'>in&#39;</span> <span class='ocrx_word' id='word_1_4' title='bbox 595 225 714 323; x_wconf 79' lang='lat' dir='ltr'>terris.</span> <span class='ocrx_word' id='word_1_5' title='bbox 744 259 774 325; x_wconf 70' lang='lat' dir='ltr'>a,</span> <span class='ocrx_word' id='word_1_6' title='bbox 796 237 940 322; x_wconf 84' lang='lat' dir='ltr'><em>XXIV.</em></span> <span class='ocrx_word' id='word_1_7' title='bbox 992 263 1092 339; x_wconf 36' lang='lat'>-197,</span> <span class='ocrx_word' id='word_1_8' title='bbox 1152 360 1155 366; x_wconf 11' lang='grc' dir='ltr'><strong>ἡ</strong></span> 
     </span>
    </p>
   </div>
   <div class='ocr_carea' id='block_1_2' title="bbox 61 397 1190 3944">
    <p class='ocr_par' dir='ltr' id='par_1_2' title="bbox 61 397 1190 3944">
     <span class='ocr_line' id='line_1_2' title="bbox 61 397 1190 507; baseline 0.005 -29"><span class='ocrx_word' id='word_1_9' title='bbox 61 397 167 501; x_wconf 67' lang='lat' dir='ltr'>scopis</span> <span class='ocrx_word' id='word_1_10' title='bbox 190 413 286 507; x_wconf 74' lang='lat' dir='ltr'>optus</span> <span class='ocrx_word' id='word_1_11' title='bbox 305 401 447 490; x_wconf 80' lang='lat' dir='ltr'>uttdire,</span> <span class='ocrx_word' id='word_1_12' title='bbox 480 413 514 479; x_wconf 87' lang='lat' dir='ltr'>et</span> <span class='ocrx_word' id='word_1_13' title='bbox 532 424 602 476; x_wconf 83' lang='lat' dir='ltr'>non</span> <span class='ocrx_word' id='word_1_14' title='bbox 624 401 744 478; x_wconf 83' lang='lat' dir='ltr'>audis:</span> <span class='ocrx_word' id='word_1_15' title='bbox 772 425 893 492; x_wconf 83' lang='lat' dir='ltr'>aurem</span> <span class='ocrx_word' id='word_1_16' title='bbox 918 405 1079 503; x_wconf 77' lang='lat' dir='ltr'>praebens</span> <span class='ocrx_word' id='word_1_17' title='bbox 1187 408 1190 415; x_wconf 88' lang='grc'><strong>’</strong></span> 
     </span>
     <span class='ocr_line' id='line_1_3' title="bbox 61 513 1107 614; baseline 0.003 -26"><span class='ocrx_word' id='word_1_18' title='bbox 61 513 123 589; x_wconf 87' lang='lat' dir='ltr'>illis</span> <span class='ocrx_word' id='word_1_19' title='bbox 149 516 340 600; x_wconf 88' lang='lat' dir='ltr'>nimirum,</span> <span class='ocrx_word' id='word_1_20' title='bbox 370 518 433 614; x_wconf 92' lang='lat' dir='ltr'>qui</span> <span class='ocrx_word' id='word_1_21' title='bbox 455 513 631 592; x_wconf 84' lang='lat' dir='ltr'>convulsa</span> <span class='ocrx_word' id='word_1_22' title='bbox 648 516 775 598; x_wconf 83' lang='lat' dir='ltr'>avita,</span> <span class='ocrx_word' id='word_1_23' title='bbox 791 513 920 592; x_wconf 78' lang='lat' dir='ltr'>Nrcaeae</span> <span class='ocrx_word' id='word_1_24' title='bbox 943 516 1080 593; x_wconf 75' lang='lat' dir='ltr'>conlis-</span> <span class='ocrx_word' id='word_1_25' title='bbox 1103 513 1107 519; x_wconf 84' lang='grc'><strong>’</strong></span> 
     </span>
     <span class='ocr_line' id='line_1_4' title="bbox 61 622 1080 714; baseline 0.001 -14"><span class='ocrx_word' id='word_1_26' title='bbox 61 624 178 712; x_wconf 87' lang='lat' dir='ltr'>bilita,</span> <span class='ocrx_word' id='word_1_27' title='bbox 224 622 293 701; x_wconf 87' lang='lat' dir='ltr'>fide</span> <span class='ocrx_word' id='word_1_28' title='bbox 321 625 422 700; x_wconf 87' lang='lat' dir='ltr'>aliam</span> <span class='ocrx_word' id='word_1_29' title='bbox 455 625 680 702; x_wconf 77' lang='lat' dir='ltr'><strong>inducebant.</strong></span> <span class='ocrx_word' id='word_1_30' title='bbox 740 623 904 703; x_wconf 81' lang='lat' dir='ltr'>Funestas</span> <span class='ocrx_word' id='word_1_31' title='bbox 933 628 1016 703; x_wconf 88' lang='lat' dir='ltr'>dein</span> <span class='ocrx_word' id='word_1_32' title='bbox 1041 625 1080 714; x_wconf 81' lang='lat' dir='ltr'>a)</span> 
     </span>
     <span class='ocr_line' id='line_1_5' title="bbox 61 733 1091 840; baseline 0.004 -28"><span class='ocrx_word' id='word_1_33' title='bbox 61 733 210 836; x_wconf 88' lang='lat' dir='ltr'>lequelas</span> <span class='ocrx_word' id='word_1_34' title='bbox 242 735 409 840; x_wconf 81' lang='lat' dir='ltr'>deplorat¹</span> <span class='ocrx_word' id='word_1_35' title='bbox 429 733 495 812; x_wconf 83' lang='lat' dir='ltr'>stc:</span> <span class='ocrx_word' id='word_1_36' title='bbox 535 791 557 828; x_wconf 89' lang='lat'><strong>„</strong></span> <span class='ocrx_word' id='word_1_37' title='bbox 576 734 790 814; x_wconf 86' lang='lat' dir='ltr'>lnnovaodae</span> <span class='ocrx_word' id='word_1_38' title='bbox 832 735 912 814; x_wconf 82' lang='lat' dir='ltr'>fidei</span> <span class='ocrx_word' id='word_1_39' title='bbox 947 739 1091 831; x_wconf 71' lang='lat' dir='ltr'>exinde</span> 
     </span>
     <span class='ocr_line' id='line_1_6' title="bbox 61 846 1090 947; baseline 0.001 -22"><span class='ocrx_word' id='word_1_40' title='bbox 61 902 79 941; x_wconf 83' lang='lat'>,‚</span> <span class='ocrx_word' id='word_1_41' title='bbox 109 846 190 925; x_wconf 89' lang='lat' dir='ltr'>usus</span> <span class='ocrx_word' id='word_1_42' title='bbox 216 847 383 924; x_wconf 89' lang='lat' dir='ltr'>inolevit:</span> <span class='ocrx_word' id='word_1_43' title='bbox 416 849 500 947; x_wconf 90' lang='lat' dir='ltr'>qui,</span> <span class='ocrx_word' id='word_1_44' title='bbox 531 847 718 946; x_wconf 83' lang='lat' dir='ltr'>postquam</span> <span class='ocrx_word' id='word_1_45' title='bbox 749 869 841 922; x_wconf 81' lang='lat' dir='ltr'>noua</span> <span class='ocrx_word' id='word_1_46' title='bbox 868 852 988 946; x_wconf 88' lang='lat' dir='ltr'>potius</span> <span class='ocrx_word' id='word_1_47' title='bbox 1013 873 1090 943; x_wconf 12' lang='lat' dir='ltr'>csse-⁴¹</span> 
     </span>
     <span class='ocr_line' id='line_1_7' title="bbox 61 958 1078 1058; baseline 0.002 -24"><span class='ocrx_word' id='word_1_48' title='bbox 61 1013 79 1050; x_wconf 86' lang='grc'>,,</span> <span class='ocrx_word' id='word_1_49' title='bbox 109 961 164 1057; x_wconf 91' lang='lat' dir='ltr'>pit</span> <span class='ocrx_word' id='word_1_50' title='bbox 188 958 371 1043; x_wconf 88' lang='lat' dir='ltr'>condere,</span> <span class='ocrx_word' id='word_1_51' title='bbox 402 981 509 1058; x_wconf 89' lang='lat' dir='ltr'>quam</span> <span class='ocrx_word' id='word_1_52' title='bbox 534 976 677 1057; x_wconf 88' lang='lat' dir='ltr'>accepta</span> <span class='ocrx_word' id='word_1_53' title='bbox 709 961 883 1044; x_wconf 87' lang='lat' dir='ltr'>retinere,</span> <span class='ocrx_word' id='word_1_54' title='bbox 925 982 990 1035; x_wconf 88' lang='lat' dir='ltr'>nee</span> <span class='ocrx_word' id='word_1_55' title='bbox 1020 985 1078 1036; x_wconf 87' lang='lat' dir='ltr'>ve·</span> 
     </span>
     <span class='ocr_line' id='line_1_8' title="bbox 61 1068 1079 1175; baseline 0.002 -32"><span class='ocrx_word' id='word_1_56' title='bbox 61 1124 81 1161; x_wconf 84' lang='lat'><em>„</em></span> <span class='ocrx_word' id='word_1_57' title='bbox 111 1085 219 1167; x_wconf 85' lang='lat' dir='ltr'>terata</span> <span class='ocrx_word' id='word_1_58' title='bbox 245 1069 425 1175; x_wconf 83' lang='lat' dir='ltr'>defendit,</span> <span class='ocrx_word' id='word_1_59' title='bbox 456 1094 522 1147; x_wconf 89' lang='lat' dir='ltr'>nec</span> <span class='ocrx_word' id='word_1_60' title='bbox 549 1070 717 1146; x_wconf 89' lang='lat' dir='ltr'>innovata</span> <span class='ocrx_word' id='word_1_61' title='bbox 743 1068 933 1146; x_wconf 82' lang='lat' dir='ltr'>formauit:</span> <span class='ocrx_word' id='word_1_62' title='bbox 964 1084 999 1145; x_wconf 89' lang='lat' dir='ltr'>et</span> <span class='ocrx_word' id='word_1_63' title='bbox 1029 1069 1079 1145; x_wconf 90' lang='lat' dir='ltr'>fa·</span> 
     </span>
     <span class='ocr_line' id='line_1_9' title="bbox 61 1179 1114 1279; baseline -0.009 -23"><span class='ocrx_word' id='word_1_64' title='bbox 61 1234 79 1271; x_wconf 83' lang='lat'><strong>„</strong></span> <span class='ocrx_word' id='word_1_65' title='bbox 111 1181 161 1256; x_wconf 75' lang='lat' dir='ltr'>tra</span> <span class='ocrx_word' id='word_1_66' title='bbox 190 1181 239 1258; x_wconf 87' lang='lat' dir='ltr'>est</span> <span class='ocrx_word' id='word_1_67' title='bbox 267 1179 353 1257; x_wconf 87' lang='lat' dir='ltr'>fides</span> <span class='ocrx_word' id='word_1_68' title='bbox 379 1197 584 1279; x_wconf 87' lang='lat' dir='ltr'>temporum</span> <span class='ocrx_word' id='word_1_69' title='bbox 613 1184 754 1279; x_wconf 87' lang='lat' dir='ltr'>potius,</span> <span class='ocrx_word' id='word_1_70' title='bbox 795 1203 904 1278; x_wconf 87' lang='lat' dir='ltr'>quarn</span> <span class='ocrx_word' id='word_1_71' title='bbox 928 1203 1114 1278; x_wconf 79' lang='lat' dir='ltr'><strong>evange..</strong></span> 
     </span>
     <span class='ocr_line' id='line_1_10' title="bbox 61 1288 1078 1382; baseline 0 -17"><span class='ocrx_word' id='word_1_72' title='bbox 61 1345 79 1382; x_wconf 84' lang='lat'>„</span> <span class='ocrx_word' id='word_1_73' title='bbox 109 1290 266 1376; x_wconf 86' lang='lat' dir='ltr'>horum,</span> <span class='ocrx_word' id='word_1_74' title='bbox 307 1291 392 1368; x_wconf 91' lang='lat' dir='ltr'>dum</span> <span class='ocrx_word' id='word_1_75' title='bbox 420 1308 456 1368; x_wconf 93' lang='lat' dir='ltr'>et</span> <span class='ocrx_word' id='word_1_76' title='bbox 477 1290 670 1368; x_wconf 88' lang='lat' dir='ltr'>secundnm</span> <span class='ocrx_word' id='word_1_77' title='bbox 704 1313 820 1366; x_wconf 85' lang='lat' dir='ltr'>annos</span> <span class='ocrx_word' id='word_1_78' title='bbox 849 1288 1078 1377; x_wconf 83' lang='lat' dir='ltr'>describitur,</span> 
     </span>
     <span class='ocr_line' id='line_1_11' title="bbox 61 1399 1144 1499; baseline 0.001 -23"><span class='ocrx_word' id='word_1_79' title='bbox 61 1457 78 1494; x_wconf 78' lang='lat'>,</span> <span class='ocrx_word' id='word_1_80' title='bbox 110 1402 368 1479; x_wconf 65' lang='lat' dir='ltr'>et&#39;lecundum</span> <span class='ocrx_word' id='word_1_81' title='bbox 401 1399 654 1478; x_wconf 75' lang='lat' dir='ltr'>consessionem</span> <span class='ocrx_word' id='word_1_82' title='bbox 686 1401 848 1499; x_wconf 81' lang='lat' dir='ltr'>baptismi</span> <span class='ocrx_word' id='word_1_83' title='bbox 879 1424 954 1476; x_wconf 90' lang='lat' dir='ltr'>non</span> <span class='ocrx_word' id='word_1_84' title='bbox 983 1417 1083 1477; x_wconf 58' lang='lat' dir='ltr'>tenea</span> <span class='ocrx_word' id='word_1_85' title='bbox 1143 1445 1144 1448; x_wconf 16' lang='grc' dir='ltr'><strong><em>κ</em></strong></span> 
     </span>
     <span class='ocr_line' id='line_1_12' title="bbox 61 1511 1079 1612; baseline -0.002 -24"><span class='ocrx_word' id='word_1_86' title='bbox 61 1568 79 1604; x_wconf 85' lang='grc'>,,</span> <span class='ocrx_word' id='word_1_87' title='bbox 111 1525 181 1588; x_wconf 89' lang='lat' dir='ltr'>tur.</span> <span class='ocrx_word' id='word_1_88' title='bbox 253 1511 494 1589; x_wconf 87' lang='lat' dir='ltr'>Periculosum</span> <span class='ocrx_word' id='word_1_89' title='bbox 540 1512 647 1588; x_wconf 90' lang='lat' dir='ltr'>nobis</span> <span class='ocrx_word' id='word_1_90' title='bbox 692 1512 923 1597; x_wconf 83' lang='lat' dir='ltr'>admodum,</span> <span class='ocrx_word' id='word_1_91' title='bbox 972 1527 1079 1612; x_wconf 78' lang='lat' dir='ltr'>atque</span> 
     </span>
     <span class='ocr_line' id='line_1_13' title="bbox 61 1619 1076 1715; baseline 0.001 -17"><span class='ocrx_word' id='word_1_92' title='bbox 61 1675 79 1715; x_wconf 79' lang='grc'>,,</span> <span class='ocrx_word' id='word_1_93' title='bbox 111 1625 218 1698; x_wconf 90' lang='lat' dir='ltr'>etiam</span> <span class='ocrx_word' id='word_1_94' title='bbox 249 1621 444 1698; x_wconf 83' lang='lat' dir='ltr'>miserabile</span> <span class='ocrx_word' id='word_1_95' title='bbox 468 1624 540 1708; x_wconf 88' lang='lat' dir='ltr'>est,</span> <span class='ocrx_word' id='word_1_96' title='bbox 572 1637 630 1698; x_wconf 93' lang='lat' dir='ltr'>tot</span> <span class='ocrx_word' id='word_1_97' title='bbox 663 1646 760 1700; x_wconf 90' lang='lat' dir='ltr'>nune</span> <span class='ocrx_word' id='word_1_98' title='bbox 787 1619 874 1699; x_wconf 88' lang='lat' dir='ltr'>fides</span> <span class='ocrx_word' id='word_1_99' title='bbox 905 1623 1076 1708; x_wconf 85' lang='lat' dir='ltr'>existere,</span> 
     </span>
     <span class='ocr_line' id='line_1_14' title="bbox 61 1727 1090 1834; baseline 0.004 -24"><span class='ocrx_word' id='word_1_100' title='bbox 61 1788 81 1827; x_wconf 86' lang='lat'>„</span> <span class='ocrx_word' id='word_1_101' title='bbox 112 1748 205 1833; x_wconf 90' lang='lat' dir='ltr'>quot</span> <span class='ocrx_word' id='word_1_102' title='bbox 232 1733 433 1810; x_wconf 87' lang='lat' dir='ltr'>voluntates</span> <span class='ocrx_word' id='word_1_103' title='bbox 446 1790 479 1825; x_wconf 85' lang='lat'>„.</span> <span class='ocrx_word' id='word_1_104' title='bbox 509 1733 653 1833; x_wconf 82' lang='lat' dir='ltr'><strong>Nempe</strong></span> <span class='ocrx_word' id='word_1_105' title='bbox 673 1734 760 1810; x_wconf 87' lang='lat' dir='ltr'>dum</span> <span class='ocrx_word' id='word_1_106' title='bbox 782 1733 893 1834; x_wconf 89' lang='lat' dir='ltr'>spreta</span> <span class='ocrx_word' id='word_1_107' title='bbox 917 1727 1090 1814; x_wconf 73' lang='lat' dir='ltr'>Eectefie‘</span> 
     </span>
     <span class='ocr_line' id='line_1_15' title="bbox 61 1843 1077 1945; baseline -0.003 -22"><span class='ocrx_word' id='word_1_108' title='bbox 61 1845 269 1923; x_wconf 77' lang='lat' dir='ltr'>austoritate</span> <span class='ocrx_word' id='word_1_109' title='bbox 294 1843 489 1932; x_wconf 82' lang='lat' dir='ltr'>infallibili,</span> <span class='ocrx_word' id='word_1_110' title='bbox 520 1845 663 1945; x_wconf 90' lang='lat' dir='ltr'>eiusque</span> <span class='ocrx_word' id='word_1_111' title='bbox 680 1843 889 1944; x_wconf 85' lang='lat' dir='ltr'>posthabitis</span> <span class='ocrx_word' id='word_1_112' title='bbox 915 1846 1077 1933; x_wconf 73' lang='lat' dir='ltr'>decretis,</span> 
     </span>
     <span class='ocr_line' id='line_1_16' title="bbox 61 1947 1084 2060; baseline 0.003 -29"><span class='ocrx_word' id='word_1_113' title='bbox 61 1956 208 2060; x_wconf 85' lang='lat' dir='ltr'>quisque</span> <span class='ocrx_word' id='word_1_114' title='bbox 241 1953 274 2030; x_wconf 90' lang='lat' dir='ltr'>se</span> <span class='ocrx_word' id='word_1_115' title='bbox 307 1957 478 2032; x_wconf 89' lang='lat' dir='ltr'>arbitrum</span> <span class='ocrx_word' id='word_1_116' title='bbox 505 1955 585 2031; x_wconf 86' lang='lat' dir='ltr'>fidei</span> <span class='ocrx_word' id='word_1_117' title='bbox 613 1956 714 2042; x_wconf 83' lang='lat' dir='ltr'>facit,</span> <span class='ocrx_word' id='word_1_118' title='bbox 761 1969 867 2056; x_wconf 88' lang='lat' dir='ltr'>atque</span> <span class='ocrx_word' id='word_1_119' title='bbox 893 1947 1084 2035; x_wconf 85' lang='lat' dir='ltr'>arbitrium</span> 
     </span>
     <span class='ocr_line' id='line_1_17' title="bbox 61 2066 1080 2167; baseline 0 -25"><span class='ocrx_word' id='word_1_120' title='bbox 61 2066 123 2142; x_wconf 86' lang='lat' dir='ltr'>libi</span> <span class='ocrx_word' id='word_1_121' title='bbox 148 2067 417 2167; x_wconf 78' lang='lat' dir='ltr'>interpretandae</span> <span class='ocrx_word' id='word_1_122' title='bbox 445 2067 488 2142; x_wconf 84' lang='lat' dir='ltr'>ud</span> <span class='ocrx_word' id='word_1_123' title='bbox 520 2069 673 2144; x_wconf 92' lang='lat' dir='ltr'>lubitum</span> <span class='ocrx_word' id='word_1_124' title='bbox 701 2066 734 2144; x_wconf 88' lang='lat' dir='ltr'>S.</span> <span class='ocrx_word' id='word_1_125' title='bbox 763 2066 952 2166; x_wconf 84' lang='lat' dir='ltr'>Scripturae</span> <span class='ocrx_word' id='word_1_126' title='bbox 981 2090 1080 2142; x_wconf 88' lang='lat' dir='ltr'>arro·</span> 
     </span>
     <span class='ocr_line' id='line_1_18' title="bbox 61 2175 1081 2281; baseline 0.005 -29"><span class='ocrx_word' id='word_1_127' title='bbox 61 2192 134 2278; x_wconf 88' lang='lat' dir='ltr'>gat.</span> <span class='ocrx_word' id='word_1_128' title='bbox 192 2176 373 2278; x_wconf 84' lang='lat' dir='ltr'>Deinceps</span> <span class='ocrx_word' id='word_1_129' title='bbox 400 2202 434 2253; x_wconf 91' lang='lat' dir='ltr'>n.</span> <span class='ocrx_word' id='word_1_130' title='bbox 467 2201 502 2266; x_wconf 93' lang='lat'>9.</span> <span class='ocrx_word' id='word_1_131' title='bbox 535 2175 572 2266; x_wconf 84' lang='lat' dir='ltr'>h)</span> <span class='ocrx_word' id='word_1_132' title='bbox 603 2181 853 2281; x_wconf 82' lang='lat' dir='ltr'>imperatorem</span> <span class='ocrx_word' id='word_1_133' title='bbox 886 2177 1081 2278; x_wconf 76' lang='lat' dir='ltr'>alloquitur</span> 
     </span>
     <span class='ocr_line' id='line_1_19' title="bbox 61 2287 1082 2388; baseline -0.001 -23"><span class='ocrx_word' id='word_1_134' title='bbox 61 2288 306 2388; x_wconf 78' lang='lat' dir='ltr'>sequentibus:</span> <span class='ocrx_word' id='word_1_135' title='bbox 339 2287 570 2380; x_wconf 85' lang='lat' dir='ltr'>„Memento</span> <span class='ocrx_word' id='word_1_136' title='bbox 595 2303 738 2375; x_wconf 89' lang='lat' dir='ltr'>tamen,</span> <span class='ocrx_word' id='word_1_137' title='bbox 768 2291 949 2365; x_wconf 87' lang='lat' dir='ltr'>neminem</span> <span class='ocrx_word' id='word_1_138' title='bbox 974 2289 1082 2368; x_wconf 87' lang='lat' dir='ltr'>haere·</span> 
     </span>
     <span class='ocr_line' id='line_1_20' title="bbox 61 2398 1173 2500; baseline -0.003 -25"><span class='ocrx_word' id='word_1_139' title='bbox 61 2444 85 2493; x_wconf 75' lang='lat'>.,</span> <span class='ocrx_word' id='word_1_140' title='bbox 112 2402 274 2476; x_wconf 88' lang='lat' dir='ltr'>ticotum</span> <span class='ocrx_word' id='word_1_141' title='bbox 292 2398 382 2487; x_wconf 87' lang='lat' dir='ltr'>elle,</span> <span class='ocrx_word' id='word_1_142' title='bbox 414 2401 477 2500; x_wconf 91' lang='lat' dir='ltr'>qui</span> <span class='ocrx_word' id='word_1_143' title='bbox 503 2401 536 2477; x_wconf 88' lang='lat' dir='ltr'>se</span> <span class='ocrx_word' id='word_1_144' title='bbox 559 2425 657 2480; x_wconf 89' lang='lat' dir='ltr'>nuuc</span> <span class='ocrx_word' id='word_1_145' title='bbox 676 2423 754 2489; x_wconf 88' lang='lat' dir='ltr'>non</span> <span class='ocrx_word' id='word_1_146' title='bbox 784 2399 976 2477; x_wconf 89' lang='lat' dir='ltr'>secuudum</span> <span class='ocrx_word' id='word_1_147' title='bbox 1001 2399 1084 2476; x_wconf 85' lang='lat' dir='ltr'>scri·</span> <span class='ocrx_word' id='word_1_148' title='bbox 1171 2468 1173 2472; x_wconf 82' lang='lat'>.</span> 
     </span>
     <span class='ocr_line' id='line_1_21' title="bbox 61 2510 1083 2610; baseline 0 -26"><span class='ocrx_word' id='word_1_149' title='bbox 61 2564 82 2606; x_wconf 79' lang='lat'>„</span> <span class='ocrx_word' id='word_1_150' title='bbox 112 2527 234 2610; x_wconf 83' lang='lat' dir='ltr'>pturas</span> <span class='ocrx_word' id='word_1_151' title='bbox 253 2512 442 2609; x_wconf 85' lang='lat' dir='ltr'>praedicare</span> <span class='ocrx_word' id='word_1_152' title='bbox 464 2535 523 2597; x_wconf 83' lang='lat' dir='ltr'>ea,</span> <span class='ocrx_word' id='word_1_153' title='bbox 555 2513 684 2609; x_wconf 89' lang='lat' dir='ltr'>quibus</span> <span class='ocrx_word' id='word_1_154' title='bbox 709 2510 950 2606; x_wconf 86' lang='lat' dir='ltr'>blasphemet,</span> <span class='ocrx_word' id='word_1_155' title='bbox 983 2535 1083 2600; x_wconf 86' lang='lat' dir='ltr'>men-</span> 
     </span>
     <span class='ocr_line' id='line_1_22' title="bbox 61 2617 1122 2715; baseline -0.006 -17"><span class='ocrx_word' id='word_1_156' title='bbox 61 2669 83 2715; x_wconf 80' lang='lat'><strong>„</strong></span> <span class='ocrx_word' id='word_1_157' title='bbox 111 2626 227 2701; x_wconf 89' lang='lat' dir='ltr'>tiatur.</span> <span class='ocrx_word' id='word_1_158' title='bbox 300 2620 398 2698; x_wconf 90' lang='lat' dir='ltr'>Hine</span> <span class='ocrx_word' id='word_1_159' title='bbox 429 2624 525 2696; x_wconf 91' lang='lat' dir='ltr'>enim</span> <span class='ocrx_word' id='word_1_160' title='bbox 556 2620 748 2699; x_wconf 80' lang='lat' dir='ltr'>Marcellus</span> <span class='ocrx_word' id='word_1_161' title='bbox 784 2619 946 2697; x_wconf 88' lang='lat' dir='ltr'>Verbum</span> <span class='ocrx_word' id='word_1_162' title='bbox 983 2617 1081 2707; x_wconf 90' lang='lat' dir='ltr'>Dei,</span> <span class='ocrx_word' id='word_1_163' title='bbox 1119 2625 1122 2630; x_wconf 82' lang='grc'><strong>“</strong></span> 
     </span>
     <span class='ocr_line' id='line_1_23' title="bbox 61 2728 1084 2830; baseline -0.004 -20"><span class='ocrx_word' id='word_1_164' title='bbox 61 2780 82 2827; x_wconf 67' lang='lat'><strong>„</strong></span> <span class='ocrx_word' id='word_1_165' title='bbox 111 2757 196 2810; x_wconf 90' lang='lat' dir='ltr'>cum</span> <span class='ocrx_word' id='word_1_166' title='bbox 220 2733 327 2830; x_wconf 93' lang='lat' dir='ltr'>legit,</span> <span class='ocrx_word' id='word_1_167' title='bbox 358 2732 484 2813; x_wconf 87' lang='lat' dir='ltr'>nescit:</span> <span class='ocrx_word' id='word_1_168' title='bbox 516 2732 600 2813; x_wconf 90' lang='lat' dir='ltr'>hinc</span> <span class='ocrx_word' id='word_1_169' title='bbox 620 2731 794 2812; x_wconf 86' lang='lat' dir='ltr'>Photinus</span> <span class='ocrx_word' id='word_1_170' title='bbox 820 2731 1006 2806; x_wconf 89' lang='lat' dir='ltr'>bominem</span> <span class='ocrx_word' id='word_1_171' title='bbox 1031 2728 1084 2806; x_wconf 88' lang='lat' dir='ltr'>le-</span> 
     </span>
     <span class='ocr_line' id='line_1_24' title="bbox 61 2840 1085 2944; baseline -0.005 -23"><span class='ocrx_word' id='word_1_172' title='bbox 61 2899 84 2938; x_wconf 79' lang='lat'>„</span> <span class='ocrx_word' id='word_1_173' title='bbox 114 2843 190 2921; x_wconf 89' lang='lat' dir='ltr'>sum</span> <span class='ocrx_word' id='word_1_174' title='bbox 226 2843 407 2922; x_wconf 90' lang='lat' dir='ltr'>Christum</span> <span class='ocrx_word' id='word_1_175' title='bbox 445 2867 527 2920; x_wconf 86' lang='lat' dir='ltr'>cum</span> <span class='ocrx_word' id='word_1_176' title='bbox 561 2844 744 2944; x_wconf 85' lang='lat' dir='ltr'>loquitur,</span> <span class='ocrx_word' id='word_1_177' title='bbox 789 2845 959 2940; x_wconf 85' lang='lat' dir='ltr'>ignorat:</span> <span class='ocrx_word' id='word_1_178' title='bbox 984 2840 1085 2932; x_wconf 51' lang='lat' dir='ltr'>¹hine</span> 
     </span>
     <span class='ocr_line' id='line_1_25' title="bbox 61 2948 1084 3055; baseline -0.007 -23"><span class='ocrx_word' id='word_1_179' title='bbox 61 3007 83 3048; x_wconf 84' lang='lat'>„</span> <span class='ocrx_word' id='word_1_180' title='bbox 113 2953 302 3042; x_wconf 86' lang='lat' dir='ltr'>Sabellius,</span> <span class='ocrx_word' id='word_1_181' title='bbox 333 2955 419 3032; x_wconf 91' lang='lat' dir='ltr'>dum</span> <span class='ocrx_word' id='word_1_182' title='bbox 446 2955 567 3055; x_wconf 91' lang='lat' dir='ltr'>quod:</span> <span class='ocrx_word' id='word_1_183' title='bbox 607 2976 668 3049; x_wconf 81' lang='lat' dir='ltr'>ego</span> <span class='ocrx_word' id='word_1_184' title='bbox 693 2964 726 3032; x_wconf 84' lang='lat' dir='ltr'>et</span> <span class='ocrx_word' id='word_1_185' title='bbox 757 2950 865 3030; x_wconf 83' lang='lat' dir='ltr'>Pater</span> <span class='ocrx_word' id='word_1_186' title='bbox 892 2975 1000 3026; x_wconf 87' lang='lat' dir='ltr'>unum</span> <span class='ocrx_word' id='word_1_187' title='bbox 1021 2948 1084 3047; x_wconf 76' lang='lat' dir='ltr'>su-</span> 
     </span>
     <span class='ocr_line' id='line_1_26' title="bbox 61 3061 1084 3163; baseline 0 -23"><span class='ocrx_word' id='word_1_188' title='bbox 61 3088 208 3163; x_wconf 56' lang='lat' dir='ltr'>„mum</span> <span class='ocrx_word' id='word_1_189' title='bbox 248 3090 323 3141; x_wconf 93' lang='lat' dir='ltr'>non</span> <span class='ocrx_word' id='word_1_190' title='bbox 351 3065 543 3162; x_wconf 81' lang='lat' dir='ltr'>intelligit,-</span> <span class='ocrx_word' id='word_1_191' title='bbox 582 3063 653 3140; x_wconf 86' lang='lat' dir='ltr'>srue</span> <span class='ocrx_word' id='word_1_192' title='bbox 678 3063 760 3144; x_wconf 87' lang='lat' dir='ltr'>Deo</span> <span class='ocrx_word' id='word_1_193' title='bbox 782 3061 911 3147; x_wconf 81' lang='lat' dir='ltr'>Patre,</span> <span class='ocrx_word' id='word_1_194' title='bbox 949 3077 985 3138; x_wconf 89' lang='lat' dir='ltr'>et</span> <span class='ocrx_word' id='word_1_195' title='bbox 1014 3061 1084 3141; x_wconf 79' lang='lat' dir='ltr'>sine</span> 
     </span>
     <span class='ocr_line' id='line_1_27' title="bbox 61 3172 1083 3271; baseline -0.004 -17"><span class='ocrx_word' id='word_1_196' title='bbox 61 3231 81 3271; x_wconf 76' lang='lat'>,</span> <span class='ocrx_word' id='word_1_197' title='bbox 112 3175 196 3254; x_wconf 90' lang='lat' dir='ltr'>Deo</span> <span class='ocrx_word' id='word_1_198' title='bbox 214 3175 306 3254; x_wconf 93' lang='lat' dir='ltr'>Filio</span> <span class='ocrx_word' id='word_1_199' title='bbox 324 3177 373 3255; x_wconf 89' lang='lat' dir='ltr'>est</span> <span class='ocrx_word' id='word_1_200' title='bbox 388 3232 420 3268; x_wconf 85' lang='lat'>„.</span> <span class='ocrx_word' id='word_1_201' title='bbox 449 3175 600 3257; x_wconf 89' lang='lat' dir='ltr'>Librum</span> <span class='ocrx_word' id='word_1_202' title='bbox 625 3188 746 3253; x_wconf 83' lang='lat' dir='ltr'>contro</span> <span class='ocrx_word' id='word_1_203' title='bbox 768 3172 1003 3258; x_wconf 71' lang='lat' dir='ltr'>Constantium</span> <span class='ocrx_word' id='word_1_204' title='bbox 1021 3198 1083 3250; x_wconf 81' lang='lat' dir='ltr'>ex-</span> 
     </span>
     <span class='ocr_line' id='line_1_28' title="bbox 61 3285 1087 3386; baseline -0.005 -21"><span class='ocrx_word' id='word_1_205' title='bbox 61 3286 269 3375; x_wconf 85' lang='lat' dir='ltr'>hortatione</span> <span class='ocrx_word' id='word_1_206' title='bbox 287 3287 320 3375; x_wconf 83' lang='lat' dir='ltr'>c)</span> <span class='ocrx_word' id='word_1_207' title='bbox 346 3288 390 3364; x_wconf 91' lang='lat' dir='ltr'>ad</span> <span class='ocrx_word' id='word_1_208' title='bbox 407 3289 615 3367; x_wconf 84' lang='lat' dir='ltr'>certandum</span> <span class='ocrx_word' id='word_1_209' title='bbox 641 3310 709 3386; x_wconf 90' lang='lat' dir='ltr'>pro</span> <span class='ocrx_word' id='word_1_210' title='bbox 730 3285 797 3362; x_wconf 88' lang='lat' dir='ltr'>lide</span> <span class='ocrx_word' id='word_1_211' title='bbox 816 3285 983 3368; x_wconf 86' lang='lat' dir='ltr'>exorsus,</span> <span class='ocrx_word' id='word_1_212' title='bbox 1017 3288 1087 3381; x_wconf 87' lang='lat' dir='ltr'>pri-</span> 
     </span>
     <span class='ocr_line' id='line_1_29' title="bbox 61 3393 1088 3500; baseline -0.008 -22"><span class='ocrx_word' id='word_1_213' title='bbox 61 3421 125 3479; x_wconf 87' lang='lat' dir='ltr'>ora</span> <span class='ocrx_word' id='word_1_214' title='bbox 150 3400 437 3499; x_wconf 85' lang='lat' dir='ltr'>persecutionum</span> <span class='ocrx_word' id='word_1_215' title='bbox 472 3415 634 3497; x_wconf 91' lang='lat' dir='ltr'>tempora</span> <span class='ocrx_word' id='word_1_216' title='bbox 652 3393 690 3483; x_wconf 82' lang='lat' dir='ltr'>d)</span> <span class='ocrx_word' id='word_1_217' title='bbox 708 3415 903 3500; x_wconf 34' lang='lat' dir='ltr'>praeoptat-:s</span> <span class='ocrx_word' id='word_1_218' title='bbox 931 3438 957 3488; x_wconf 85' lang='lat'>„·</span> <span class='ocrx_word' id='word_1_219' title='bbox 975 3395 1088 3495; x_wconf 87' lang='lat' dir='ltr'>Puga-</span> 
     </span>
     <span class='ocr_line' id='line_1_30' title="bbox 61 3507 1086 3611; baseline -0.011 -23"><span class='ocrx_word' id='word_1_220' title='bbox 61 3561 82 3604; x_wconf 55' lang='grc' dir='ltr'>ι,</span> <span class='ocrx_word' id='word_1_221' title='bbox 112 3536 231 3588; x_wconf 89' lang='lat' dir='ltr'>remus</span> <span class='ocrx_word' id='word_1_222' title='bbox 247 3515 342 3587; x_wconf 90' lang='lat' dir='ltr'>enim</span> <span class='ocrx_word' id='word_1_223' title='bbox 357 3509 522 3607; x_wconf 80' lang='lat' dir='ltr'>(iuquit)</span> <span class='ocrx_word' id='word_1_224' title='bbox 539 3511 652 3611; x_wconf 89' lang='lat' dir='ltr'>palam</span> <span class='ocrx_word' id='word_1_225' title='bbox 670 3526 803 3585; x_wconf 89' lang='lat' dir='ltr'>etcum</span> <span class='ocrx_word' id='word_1_226' title='bbox 821 3507 947 3584; x_wconf 83' lang='lat' dir='ltr'>litio-cia</span> <span class='ocrx_word' id='word_1_227' title='bbox 961 3529 1086 3584; x_wconf 79' lang='lat' dir='ltr'>eonem</span> 
     </span>
     <span class='ocr_line' id='line_1_31' title="bbox 61 3621 1089 3725; baseline -0.01 -25"><span class='ocrx_word' id='word_1_228' title='bbox 61 3666 81 3717; x_wconf 62' lang='lat'>5,</span> <span class='ocrx_word' id='word_1_229' title='bbox 109 3637 300 3721; x_wconf 80' lang='lat' dir='ltr'>negantes,</span> <span class='ocrx_word' id='word_1_230' title='bbox 319 3628 443 3700; x_wconf 91' lang='lat' dir='ltr'>contra</span> <span class='ocrx_word' id='word_1_231' title='bbox 462 3637 689 3725; x_wconf 88' lang='lat' dir='ltr'>torquentes,</span> <span class='ocrx_word' id='word_1_232' title='bbox 718 3637 843 3717; x_wconf 83' lang='lat' dir='ltr'>contra</span> <span class='ocrx_word' id='word_1_233' title='bbox 866 3621 1089 3714; x_wconf 80' lang='lat' dir='ltr'>iugulautes3</span> 
     </span>
     <span class='ocr_line' id='line_1_32' title="bbox 61 3727 1089 3833; baseline -0.011 -23"><span class='ocrx_word' id='word_1_234' title='bbox 61 3789 83 3827; x_wconf 85' lang='lat'>,‚</span> <span class='ocrx_word' id='word_1_235' title='bbox 104 3748 141 3810; x_wconf 90' lang='lat' dir='ltr'>et</span> <span class='ocrx_word' id='word_1_236' title='bbox 155 3758 221 3810; x_wconf 87' lang='lat' dir='ltr'>nos</span> <span class='ocrx_word' id='word_1_237' title='bbox 232 3735 357 3832; x_wconf 87' lang='lat' dir='ltr'>populi</span> <span class='ocrx_word' id='word_1_238' title='bbox 374 3735 426 3809; x_wconf 90' lang='lat' dir='ltr'>tui</span> <span class='ocrx_word' id='word_1_239' title='bbox 442 3754 609 3833; x_wconf 89' lang='lat' dir='ltr'>tanquam</span> <span class='ocrx_word' id='word_1_240' title='bbox 626 3731 732 3818; x_wconf 88' lang='lat' dir='ltr'>duces</span> <span class='ocrx_word' id='word_1_241' title='bbox 751 3733 830 3807; x_wconf 90' lang='lat' dir='ltr'>suos</span> <span class='ocrx_word' id='word_1_242' title='bbox 847 3732 889 3805; x_wconf 87' lang='lat' dir='ltr'>ad</span> <span class='ocrx_word' id='word_1_243' title='bbox 906 3727 1089 3803; x_wconf 79' lang='lat' dir='ltr'>confessio·</span> 
     </span>
     <span class='ocr_line' id='line_1_33' title="bbox 61 3836 1089 3944; baseline -0.013 -21"><span class='ocrx_word' id='word_1_244' title='bbox 61 3897 85 3940; x_wconf 85' lang='lat'>‚,</span> <span class='ocrx_word' id='word_1_245' title='bbox 115 3848 170 3923; x_wconf 92' lang='lat' dir='ltr'>nis</span> <span class='ocrx_word' id='word_1_246' title='bbox 186 3843 399 3942; x_wconf 84' lang='lat' dir='ltr'>religionem</span> <span class='ocrx_word' id='word_1_247' title='bbox 415 3844 649 3944; x_wconf 87' lang='lat' dir='ltr'>intelligentia</span> <span class='ocrx_word' id='word_1_248' title='bbox 666 3843 923 3942; x_wconf 85' lang='lat' dir='ltr'>persecutionis</span> <span class='ocrx_word' id='word_1_249' title='bbox 944 3836 1089 3937; x_wconf 83' lang='lat' dir='ltr'>publicae</span> 
     </span>
    </p>
   </div>
   <div class='ocr_carea' id='block_1_3' title="bbox 105 3953 1110 4141">
    <p class='ocr_par' dir='ltr' id='par_1_3' title="bbox 105 3953 1110 4141">
     <span class='ocr_line' id='line_1_34' title="bbox 105 3953 1110 4141; baseline -0.014 -17"><span class='ocrx_word' id='word_1_250' title='bbox 105 4059 141 4138; x_wconf 82' lang='lat' dir='ltr'>a)</span> <span class='ocrx_word' id='word_1_251' title='bbox 154 4077 183 4139; x_wconf 85' lang='lat' dir='ltr'>p.</span> <span class='ocrx_word' id='word_1_252' title='bbox 205 4077 290 4140; x_wconf 77' lang='lat'><strong>¹2²7·</strong></span> <span class='ocrx_word' id='word_1_253' title='bbox 339 4060 411 4138; x_wconf 82' lang='lat' dir='ltr'>h)p.</span> <span class='ocrx_word' id='word_1_254' title='bbox 430 4078 523 4139; x_wconf 51' lang='lat'><em>1230&lt;</em></span> <span class='ocrx_word' id='word_1_255' title='bbox 550 3953 726 4138; x_wconf 45' lang='lat' dir='ltr'>§parra-y.</span> <span class='ocrx_word' id='word_1_256' title='bbox 761 4057 834 4132; x_wconf 56' lang='grc' dir='ltr'>(θη.</span> <span class='ocrx_word' id='word_1_257' title='bbox 849 4005 948 4141; x_wconf 52' lang='lat' dir='ltr'>esch</span> <span class='ocrx_word' id='word_1_258' title='bbox 963 3971 1110 4128; x_wconf 43' lang='lat' dir='ltr'>hbeo«</span> 
     </span>
    </p>
   </div>
   <div class='ocr_carea' id='block_1_4' title="bbox 0 0 1204 4478">
    <p class='ocr_par' dir='ltr' id='par_1_4' title="bbox 0 0 1204 4478">
     <span class='ocr_line' id='line_1_35' title="bbox 0 0 1204 4478; baseline 0 0"><span class='ocrx_word' id='word_1_259' title='bbox 0 0 1204 4478; x_wconf 95' lang='lat' dir='ltr'> </span> 
     </span>
    </p>
   </div>
  </div>
 </body>
</html>
