2400 4478
126 245 207 329 278
489 225 634 317 Eccieiio
656 229 818 309 militnm

125 394 248 475 seculo
275 394 320 470 ab
342 389 482 469 Alarico
504 415 560 469 an.
587 403 672 484 506.
713 393 824 493 osque
843 393 888 468 ad
902 417 964 469 an.
988 404 1082 483 586.
1102 392 1156 471 iio

124 509 259 586 enredo
289 508 411 606 primo
442 529 527 603 rege
572 504 754 582 catholico
791 506 871 603 post
906 502 1158 604 Leovigildou

126 621 301 702 Asianum
329 632 468 716 patrem
501 632 537 691 et
560 617 825 700 interfeiiorem
854 617 888 693 S.
916 614 1158 719 Hermenegii

125 732 163 808 di
186 729 239 808 Μ.
275 727 384 806 Hunc
401 726 562 807 Mariana
588 729 644 805 lib.
678 729 738 807 lii.
768 753 798 807 c
830 749 891 804 12.
925 734 1099 828 primum
1124 756 1158 806 re·

128 867 214 941 gem
241 839 417 939 Hispaniae
442 840 663 918 catholicum
693 841 801 928 dicit,
833 865 852 916 a
881 856 990 940 patre
1019 847 1061 919 in
1095 869 1154 921 con

83 980 86 985 ·
128 955 281 1031 sortium
300 955 401 1050 regni
423 951 647 1051 susceptum,
667 954 786 1052 postea
807 977 896 1029 vero
918 954 973 1030 ob
991 953 1147 1033 fidemo

125 1064 300 1151 cholicam
329 1063 499 1151 occisum.
558 1064 685 1141 Statim
714 1065 776 1140 fob
802 1063 996 1147 Recaredo
1020 1069 1145 1145 efflon

128 1203 185 1254 res
208 1177 384 1264 catholica
401 1179 435 1257 in
462 1174 649 1275 Hispania,
680 1178 813 1253 crebris
840 1178 1037 1257 celebratis
1058 1182 1151 1258 conci·

127 1290 211 1377 liis,
242 1291 374 1390 quibos
404 1287 599 1389 aliquando
629 1291 734 1365 etiam
768 1311 832 1366 rex
861 1291 993 1368 aderat
1032 1293 1154 1390 religio-

129 1408 184 1480 nis
210 1398 501 1485 studioiiffimus:
534 1426 602 1500 pro
628 1425 699 1501 qua
722 1425 759 1476 re
786 1415 825 1478 ut
844 1405 882 1477 in
909 1405 1072 1481 conciiio
1093 1405 1152 1480 To·
1189 1462 1192 1515 ι

129 1513 333 1595 letanolli.
366 1537 420 1589 an.
463 1525 548 1603 589·
582 1537 608 1589 c
644 1533 676 1603 3.
723 1511 885 1591 Patribus
929 1517 1192 1626 contestatur,1

130 1641 322 1727 „quanto
365 1625 592 1702 subditorum
625 1626 741 1724 gloria
771 1625 892 1722 ,regali
936 1628 1149 1713 excellimus,
1188 1687 1192 1737 ἶ

130 1796 154 1833 ,‚
184 1752 286 1814 tanto
302 1738 442 1836 prov-idi
461 1736 528 1813 effe
545 1737 717 1815 debemus
739 1739 774 1812 in
791 1736 868 1823 his,
888 1762 976 1840 quae
993 1742 1039 1816 ad
1058 1738 1147 1824 Deum

132 1908 156 1946 „
185 1851 292 1936 suot,
320 1849 380 1957 ¹nei
405 1849 562 1923 nostram
587 1849 684 1948 spem
714 1873 876 1946 augere,
925 1852 987 1929 vel
1011 1853 1150 1954 gentibus

129 2019 153 2058 ,‚
184 1959 411 2039 aDeonobis
426 1962 569 2035 creditis
585 1963 784 2045 consulere.
845 1959 898 2043 lta
918 1969 993 2042 erit
1013 1963 1149 2043 consun-

131 2132 155 2169 „
186 2075 297 2150 matio
326 2072 488 2157 iustitiae,
534 2070 726 2148 fieandem
751 2072 858 2156 fidem
895 2076 996 2153 intra
1042 2082 1152 2156 univer·

131 2243 154 2280 „
186 2186 290 2261 salem
321 2182 506 2259 Ecclesiam
536 2200 743 2270 teneamus,
774 2201 811 2259 et
831 2188 1036 2284 apostolica
1062 2189 1151 2266 moni.

132 2353 155 2390 ,‚
186 2310 219 2371 ta
248 2298 285 2370 in
313 2296 514 2395 apostolico
546 2293 648 2393 pofiti
676 2297 918 2391 fondamento
948 2303 1151 2388 servemus„

131 2406 318 2486 Memorat
339 2407 460 2508 postea
490 2405 691 2483 Suevorum
726 2404 845 2507 gentis
878 2408 1066 2491 infinit-am
1089 2413 1152 2490 mui-

132 2520 354 2605 titudinem,
385 2576 406 2610 ‚‚
425 2543 531 2618 quam
561 2516 667 2616 (nit)
697 2519 859 2619 praefidio
881 2525 1027 2602 coelesti
1059 2530 1151 2604 nolin

134 2652 157 2728 ,3
189 2656 306 2732 regno
344 2631 578 2717 subiecimus,
610 2633 836 2714 olieno'licet
869 2636 907 2709 in
940 2637 1094 2719 haereiio
1117 2639 1152 2712 de·

132 2803 155 2842 „
187 2746 326 2822 duiiam
355 2747 463 2832 vitio,
496 2747 618 2822 nostro
649 2735 768 2820 tamen
794 2745 837 2819 nd
864 2751 1033 2827 veritatis
1071 2751 1156 2848 origi·

134 2915 157 2951 „
189 2880 271 2933 nem
303 2857 420 2932 studio
446 2859 694 2932 revocavimus
711 2911 739 2946 ,‚.
803 2855 978 2938 Perhibet
1016 2862 1156 2944 laudans

136 2969 299 3050 Mariana
318 2970 376 3043 iib.
397 2968 438 3042 V.
459 2993 488 3043 c.
509 2990 567 3061 14.
592 2966 779 3067 contigiffe
798 2966 1017 3063 Recaredo,
1044 3036 1066 3070 ‚,
1084 2969 1158 3078 quod

134 3138 157 3174 „
187 3082 263 3176 (ait
279 3079 403 3167 >haud
424 3080 519 3171 scio,
540 3105 583 3157 an
603 3105 730 3178 regom
748 3080 853 3168 ullis,
887 3100 927 3160 ut
945 3091 985 3161 in
1003 3091 1158 3190 reiigione

135 3248 158 3286 „
188 3193 447 3291 permutanda,
476 3194 576 3291 quod
607 3194 876 3292 propemodum
908 3198 1055 3277 neceffe
1081 3219 1159 3281 ent.

137 3362 160 3398 ,‚
192 3320 312 3392 motus
331 3305 544 3391 existerent,
562 3304 618 3380 sed
638 3330 754 3405 neque
769 3305 929 3383 diuturni
951 3313 1158 3394 admodum.

134 3440 306 3529 „neque
350 3440 515 3512 graves:
575 3433 610 3491 et
643 3417 804 3493 severitas
854 3421 1160 3502 animadverfionis

132 3587 156 3625 „
184 3554 261 3616 non
286 3528 398 3613 modo
419 3528 589 3613 invidiosa
618 3553 693 3604 non
722 3527 835 3615 esset,
868 3536 953 3633 quia
984 3536 1158 3615 necessario

37 3717 39 3722 .
131 3700 154 3738 „
185 3641 462 3742 suscipiebatur,
495 3655 631 3725 etcum
650 3645 755 3726 bonis
782 3646 985 3735 omnibns,
1016 3665 1097 3728 tum
1122 3652 1158 3724 in·

132 3813 155 3849 „
187 3747 285 3841 fimo
313 3757 446 3852 coique
477 3752 716 3863 gratiffimal„‚.
750 3753 992 3841 Paratiffimos
1028 3765 1074 3840 ad
1107 3763 1158 3838 hoc

133 3868 284 3956 Ιιιιιιιίι.Ι
304 3860 401 3966 quos
423 3865 494 3964 ipse
516 3868 551 3952 in
569 3865 714 3952 laudato
736 3866 901 3943 sermone
917 3873 953 3946 in
972 3897 1081 3953 conc.
1104 3873 1159 3951 To·

57 4022 60 4029 ·
132 3979 193 4056 let.
205 3979 267 4058 ΙΙΙ.
286 3978 412 4057 habito
431 3977 611 4066 allocutus
627 3979 696 4074 est,
713 3979 897 4064 sactorum
915 3981 1157 4093 praesulemqui

983 4122 987 4171 f
1035 4123 1120 4202 quii·
