2400 4478
114 227 202 320 152
466 205 610 319 &elafio
635 215 796 301 militans

122 376 313 487 quioribur
328 378 519 461 codicibus
540 381 599 462 alii
619 384 728 463 etiam
748 376 897 483 quidam
921 380 1152 460 nominantur

122 489 244 578 Sentii
265 497 303 572 in
327 493 472 593 liturgia
495 493 679 582 Romana,
711 493 915 581 Gallicana.
947 507 984 572 et
1010 492 1153 585 Graeca3

121 609 323 713 generatim
356 630 505 707 quoque
537 609 576 684 in
604 629 744 684 canone
771 603 942 682 Romano
970 604 1154 683 censentur

123 722 241 822 quivis
267 717 383 796 Sanni
409 717 464 795 his
484 720 603 796 uerbis
626 731 710 795 ante
736 717 1078 795 consecrationem:
1116 715 1154 794 u

123 831 283 909 omnium
309 829 515 906 Sunllorum
542 841 695 907 tuorum.
754 826 800 906 Et
821 829 901 929 poll
920 827 1155 907 consecratio·

121 964 237 1021 nem:
276 963 354 1018 cum
373 939 533 1019 omnibus
551 938 684 1040 sanliis
716 941 798 1017 tuis.
859 939 900 1018 ln
919 943 1077 1046 antiquis
1100 941 1152 1019 Sa·

123 1055 370 1132 eramentariis
388 1050 427 1142 o)
443 1074 708 1153 nonnunquam
734 1051 861 1154 (quod
881 1051 1072 1152 scriptores
1100 1077 1151 1131 an·

54 1229 56 1232 .
123 1167 216 1267 tiqui
235 1165 396 1264 liturgici
420 1164 540 1265 pallim
571 1190 590 1241 a
608 1163 794 1263 Gregorio
823 1162 883 1241 lll.
903 1163 939 1241 P.
958 1165 1150 1244 institutun

120 1277 249 1357 medio
273 1275 510 1356 seculonll.
542 1268 766 1378 perhibent)
810 1274 955 1355 additur
986 1276 1151 1376 generali

123 1391 302 1467 memoria
326 1388 564 1478 Saniiorurn,
607 1409 770 1490 quorum
800 1386 884 1465 leste
909 1401 1094 1490 aguntor,
1121 1391 1150 1467 ir

125 1524 256 1580 eorum
284 1503 499 1579 memoriam
527 1497 634 1578 milla
661 1501 910 1588 celebrentur,
941 1515 978 1577 et
1000 1523 1151 1578 commo

124 1614 354 1691 morationer
381 1613 508 1709 liunt3
554 1610 749 1714 pallimque
781 1625 1090 1692 commentatores
1122 1616 1151 1691 iu

125 1722 382 1824 Apocalyplim
407 1748 490 1802 cunr
519 1722 640 1803 ianuis
667 1722 830 1802 Patribus
852 1724 994 1802 cultum
1015 1725 1153 1804 Santra·

99 1830 104 1836 ’
126 1858 209 1912 rurn
231 1858 380 1935 quoque
398 1848 433 1913 et
455 1835 616 1913 honores
641 1858 769 1915 eorum
793 1838 900 1912 etiam
920 1834 1080 1938 reliquiis
1100 1839 1151 1915 de·

125 1945 243 2033 latos,
274 1970 343 2023 nec
371 1970 448 2025 non
472 1948 641 2026 miracula
667 1946 826 2050 ipsorum
858 1947 1020 2028 referunt
1045 1951 1091 2035 ad
1108 1973 1152 2028 re·

47 2057 56 2069 '
124 2080 244 2159 gnum
272 2057 404 2137 Christi
423 2062 462 2135 in
490 2062 603 2137 terris.

209 2216 288 2320 lpsa
315 2242 402 2297 vero
427 2219 505 2299 haec
531 2220 749 2299 communio
777 2218 976 2299 sannorum
1002 2217 1151 2301 uerrere

126 2329 384 2432 triumphantia
400 2356 486 2411 cum
507 2330 658 2413 Ecclefia
676 2332 849 2409 militante
869 2357 944 2409 nou
962 2331 1079 2412 solum
1096 2358 1151 2413 no·

125 2441 182 2520 bis
199 2464 276 2519 uno
290 2442 340 2519 ob
353 2443 482 2523 oculos
499 2445 607 2545 ponit
630 2446 764 2524 obtutu
782 2458 903 2521 totum
923 2446 1150 2545 complexum

123 2550 395 2656 Apocalypsrr,
439 2571 547 2656 atque
586 2555 679 2633 adeo
706 2558 809 2655 regni
827 2555 970 2634 'Christi
994 2554 1067 2635 live
1089 2556 1150 2635 une

124 2663 199 2744 fine
217 2665 365 2766 glorioli
383 2670 419 2745 in
436 2669 559 2755 coelis,
591 2664 660 2746 irve
676 2668 735 2746 hic
749 2665 937 2755 laboriose,
968 2667 1149 2774 aliquando

123 2775 234 2858 finem
262 2777 417 2885 habituri
436 2783 474 2856 in
501 2782 604 2858 terris
634 2784 725 2858 inter
755 2776 1005 2858 vicilfitudinea
1032 2804 1149 2879 aerun·
1190 2840 1192 2847 .

123 2910 188 2964 nas
208 2902 246 2966 et
264 2891 422 2990 pericula
450 2891 557 2970 huius
582 2894 684 2972 vitae:
729 2891 802 2968 illic
834 2896 868 2966 in
895 2893 952 2969 lua
974 2882 1148 2993 perferre

123 3021 173 3076 ne
192 3015 301 3101 atque
318 3001 633 3082 consummatione
656 3005 693 3080 in
716 3002 883 3080 felicitate
910 3018 1070 3095 aeternos.
1101 3004 1148 3083 lric

122 3111 162 3187 in
191 3109 260 3190 suis
288 3113 399 3190 initiis
429 3129 467 3193 et
498 3114 672 3216 proieiiu.
732 3113 844 3194 Cuius
874 3115 1024 3216 quidem
1057 3115 1146 3217 regni

121 3219 275 3321 auspicia
302 3224 487 3306 uChristo
516 3227 619 3316 lunt,
648 3240 685 3305 et
702 3250 781 3328 quae
801 3226 845 3303 ad
864 3227 951 3304 illud
978 3230 1146 3330 pertinent
1189 3226 1192 3231 ’

122 3334 406 3434 recapitulantur
438 3343 562 3416 omnia
588 3341 624 3416 in
653 3335 829 3439 promilio
856 3341 1036 3435 in,veteri
1059 3338 1142 3420 tera

123 3460 251 3523 mento
279 3445 436 3538 Melina,
482 3451 545 3550 qui
575 3473 731 3550 regnum
770 3449 937 3538 diaboli,
987 3476 1065 3553 quo
1093 3468 1142 3551 per

120 3562 391 3658 protoparentis
424 3563 536 3638 nostri
568 3561 704 3666 lapsum
740 3562 951 3640 tenebamur
975 3562 1141 3648 obstriilr'·

121 3669 346 3756 destrueret,
384 3687 494 3772 atque
526 3695 593 3751 nos
629 3677 781 3752 creatori
812 3674 958 3760 nostro,
1004 3676 1142 3754 redinto

120 3798 222 3884 grata
241 3783 278 3859 in
305 3782 411 3861 nobis
438 3786 597 3885 imagine
613 3783 684 3864 Dei
701 3807 765 3887 per
794 3800 980 3888 peccatum
1001 3786 1140 3871 foedm.

1027 3922 1101 3978 arn·

160 4047 196 4128 a)
217 4047 277 4115 riri
295 4060 381 4115 vetur
401 4048 498 4130 liturg.
523 4046 672 4115 alemeon.
687 4045 724 4117 T.
741 4049 763 4116 l.
788 4068 817 4128 p.
835 4068 903 4131 ³57·
927 4048 984 4123 &a
