2400 4478
465 160 860 248 PRAEFATIO.

140 337 299 407 uentae
321 306 652 404 comminationes
679 316 730 408 in
746 318 921 432 epistolis
943 313 994 406 ad
1014 317 1172 435 septem

138 457 335 518 contente
363 425 573 527 Ecdeme,
602 452 799 544 quas‚=ut
823 429 1018 531 diximus,
1045 435 1169 536 sunt,

139 547 211 672 qui
231 542 281 628 ad
307 539 478 735 fingulas
504 537 686 632 Ecclesiae
708 564 838 628 aetates
861 538 1035 629 referant
1055 549 1169 635 iuxta

139 660 291 766 septem
308 653 377 764 figi
396 649 454 750 la,
475 652 616 750 tubas,
644 675 685 737 et
736 651 858 738 hialos
877 653 1064 765 mysterio
1087 685 1169 747 nu-

137 761 486 878 meriseptenarii:
517 792 602 895 quo
624 678 749 848 modh
770 764 890 850 etiam
908 770 1039 878 Apoc.
1057 769 1109 856 V.
1126 783 1168 859 6.

135 878 305 988 lignum
342 900 419 990 pro
450 876 566 963 nobis
594 872 774 961 occisum.
801 874 992 960 habentem
1023 902 1167 966 cornua

125 985 266 1100 septem
291 985 438 1073 divinae
469 989 627 1072 virtutis
658 1004 696 1070 et
716 985 836 1071 oculos
852 985 994 1099 septem
1014 1013 1166 1104 perpe-

135 1121 215 1185 tuae
238 1098 342 1185 circa
359 1097 570 1194 Ecclesiam
591 1097 701 1186 suam
717 1097 981 1212 providentie
1000 1102 1164 1192 S.loan·

133 1235 206 1323 nes
233 1214 499 1324 representat.
591 1208 600 1325 ζ
1161 1222 1165 1230 ’

189 1370 278 1473 Sic,
291 1369 399 1458 iuxta
412 1396 456 1458 ac
471 1396 547 1457 nos
559 1367 600 1456 in
618 1362 698 1456 hoe
716 1393 840 1482 opere
852 1362 1163 1486 descriptionem
1182 1414 1191 1429 ·

131 1479 359 1570 historicam
389 1478 571 1570 Ecclesiae
598 1481 823 1576 militantis,
842 1523 844 1527 ¹
863 1488 979 1598 regni
1011 1482 1161 1575 Christi

133 1593 174 1677 in
195 1597 310 1680 terris
331 1595 588 1691 exhibemus,
615 1597 682 1709 pia
703 1598 855 1681 monita
879 1592 950 1681 libi
973 1589 1078 1685 dieta
1093 1624 1160 1685 ac-

131 1705 267 1816 cipere
283 1701 449 1817 possunt
471 1702 602 1818 angeli
622 1711 692 1792 seu
712 1704 887 1819 pastores
907 1705 1162 1799 ecclesrarutn

129 1812 243 1899 sensu
263 1840 388 1945 quem
413 1838 584 1912 vocant,
609 1814 913 1903 accomodatirio
937 1816 980 1906 ln
1004 1819 1160 1934 septem

129 1925 306 2038 epistolis
328 1923 405 2010 illis
428 1924 559 2031 (dum
580 1925 637 2010 est
659 1928 786 2038 pietas
804 1929 854 2015 ad
875 1929 1009 2017 omnia
1025 1918 1158 2032 utilis,

127 2060 170 2144 et
193 2031 456 2152 diligentibus
489 2034 625 2122 Deum
654 2041 789 2121 omnia
816 2064 1089 2150 cooperentur
1105 2051 1159 2135 in

128 2144 409 2236 bonum-iuxta
421 2146 667 2262 apostolum)
680 2145 731 2232 lic
746 2149 940 2244 vincenti,
964 2155 1157 2266 exemplo

127 2258 258 2374 angeli
276 2256 626 2374 Ephefi,eccles1ae
641 2256 813 2345 vifibiles
827 2257 1091 2456 (puescunque
1113 2292 1159 2356 et

126 2368 340 2477 invifihiles
358 2369 489 2458 hostes
512 2374 553 2455 in
577 2373 705 2486 prima
721 2372 845 2483 episto
863 2400 883 2457 a
901 2375 1157 2484 promittitur

126 2482 317 2570 ederede
334 2482 448 2597 ligno
467 2486 577 2580 vite,
605 2478 720 2596 quod
732 2482 789 2568 est
806 2486 846 2569 in
864 2483 1044 2596 paradiso
1060 2486 1155 2590 Dei,
1182 2492 1185 2497 '

124 2620 249 2708 quom
274 2596 314 2680 in
338 2593 497 2686 Adamo
520 2596 653 2708 primo
675 2591 933 2707 deperditum
950 2595 1067 2682 nobis
1085 2625 1152 2686 re-

125 2708 251 2813 stituit
273 2704 453 2794 Adamus
476 2704 694 2806 secundus,
712 2769 713 2773 a
733 2705 976 2822 devictoque
999 2707 1149 2798 diaboli

125 2844 255 2932 regno
280 2814 399 2905 suum
427 2816 593 2906 instituit
619 2820 662 2904 in
688 2815 857 2905 Ecclefia
882 2818 1076 2907 militante
1097 2825 1149 2912 in

121 2934 260 3029 terris,
287 2952 328 3016 et
350 2930 622 3045 triumphante
641 2931 683 3016 in
699 2930 822 3018 culis,
857 2931 901 3015 ln
918 2933 1083 3044 epistola
1101 2930 1158 3032 lh·

122 3067 264 3130 cautus
290 3041 474 3129 redditur
495 3067 544 3128 an
576 3039 661 3128 elus
687 3039 889 3139 Ecclehae,
914 3048 1149 3146 (monitus,

121 3180 175 3240 ne
197 3154 362 3255 timeat,
389 3180 482 3270 quae
498 3181 550 3267 pa
583 3175 679 3239 urus
700 3152 783 3250 est)
805 3181 827 3242 a
839 3151 1031 3264 synagoga
1041 3153 1148 3264 satra

119 3293 199 3366 nae,
224 3266 285 3351 uti
308 3267 484 3350 intertia
499 3264 590 3374 sede
600 3261 771 3371 satana,
792 3264 933 3352 ludaeis
955 3265 1149 3358 nimirum

119 3401 162 3465 et
180 3376 374 3471 hereticis
398 3374 578 3462 Ecclefiae
601 3374 806 3475 hostibus,
834 3399 1013 3490 quorum
1035 3404 1149 3465 ante·

86 3488 148 3579 ..n
203 3491 277 3579 vani
300 3511 412 3577 erant
436 3510 534 3572 tune
564 3486 785 3574 Nicolaita.
841 3485 1019 3574 Additur
1041 3486 1147 3575 sem-

138 3588 142 3595 ’
191 3604 194 3609 ’
271 3598 357 3689 uod
374 3601 560 3714 quemvis
577 3597 825 3697 exstimulet‚
845 3601 1021 3684 victoriae
1044 3625 1145 3711 prae.

317 3708 385 3821 Sic
406 3711 472 3825 qui
492 3713 601 3798 iuxta
619 3707 825 3824 epistolam
844 3704 1057 3797 secundam
1079 3715 1145 3799 vi.

354 3926 357 3931 ,
438 3846 488 3911 ur
501 3840 653 3911 ammte
661 3818 842 3928 secunda.
866 3822 912 3912 ln
929 3826 1145 4023 terpalepi·

367 3956 377 3985 ²
905 3989 909 3997 -
1027 3963 1092 4026 oa
1127 3994 1145 4029 s
