2438 4470
179 250 329 327 regnum
362 222 490 317 Christi
518 227 557 302 in
585 227 704 302 terris.
737 243 764 302 c.
792 220 939 304 XXIX
998 241 1074 337 2²⁶¹
1173 189 1191 203 Η

125 390 226 469 Salva
254 416 330 467 non
361 389 474 466 solum
509 384 576 466 suit
611 389 746 486 semper
784 384 957 467 Romane
988 391 1075 470 sedis

50 498 218 604 dignitas,
251 502 338 580 darm
368 495 589 578 monastero
613 525 709 578 anno
736 521 782 592 41
798 528 826 574 r.
857 504 938 599 post
957 497 1075 585 Alari.

50 608 127 695 :um
151 614 332 692 crudelior
356 617 569 713 avariorqoe
593 611 789 711 Ataulphus
814 612 970 690 desoosli
996 615 1075 692 Ala·

50 733 106 806 :ici
121 723 294 814 successor
315 723 469 803 Romam
491 724 658 801 rebellare
678 725 928 812 meditantem,
943 726 1076 824 ipsum.

50 865 116 941 que
142 843 247 916 etiam
265 835 473 914 Romanum
497 861 631 914 nomen
651 835 795 913 abolere
815 841 850 911 in
875 840 997 913 animo
1013 839 1076 940 ha-

50 956 143 1040 auit3
175 974 300 1027 verum
324 954 452 1035 etiam,
501 965 541 1025 ut
568 953 635 1025 iam
658 948 759 1046 supra
784 953 955 1035 memini,
986 949 1076 1029 salu·

50 1087 114 1142 :em
145 1062 240 1139 suam
267 1059 382 1139 Roma
408 1063 441 1138 S.
462 1059 577 1138 Leoni
603 1060 656 1138 Μ.
677 1059 712 1137 Ρ.
733 1063 767 1134 io
787 1064 939 1159 acceptis
969 1063 1077 1139 refer-

50 1199 79 1252 'e
106 1175 301 1261 debuerat,
333 1197 415 1251 cum
433 1175 476 1248 ab
493 1173 597 1250 Attila
616 1172 837 1250 Hunnorum
860 1195 966 1270 rege,
1010 1178 1076 1275 qui

50 1284 289 1384 Tella‘gellum
325 1285 394 1362 Dei
429 1288 661 1371 nominarat,
709 1285 827 1382 pollen
868 1299 1073 1383 peteretur,
1128 1303 1153 1316 ”

50 1402 155 1478 armis
181 1403 216 1473 in
242 1400 445 1497 provincias
475 1395 657 1474 Romanas
687 1395 884 1484 converfis,
924 1395 1077 1475 subeo-
1191 1478 1194 1485 ,

50 1510 126 1590 lem
152 1511 271 1586 adhuc
297 1507 471 1604 pontifice
496 1533 514 1583 a
542 1506 737 1585 Genserico
763 1512 868 1584 etiam
895 1532 949 1612 an.
981 1504 1074 1599 455.

50 1622 283 1726 depopulata,¹
320 1644 389 1720 qua
416 1619 559 1695 tandem
579 1619 797 1718 Augustulus
831 1621 874 1696 ab
906 1619 1079 1699 Odoacre

50 1732 183 1812 Herolo
209 1732 396 1831 expulsus,
427 1756 503 1807 eam
530 1731 672 1832 reliquit
696 1754 778 1807 cum
802 1757 917 1830 regno
941 1724 1078 1810 Theo·
1124 1752 1126 1757 ·
1178 1768 1183 1787 ·

50 1846 168 1921 lerico
201 1843 356 1948 Gotho,
400 1838 455 1920 ab'
479 1846 553 1920 eius
585 1843 712 1942 gentili
745 1843 868 1921 Totila
901 1849 1077 1945 proximu

50 1956 166 2033 leculo
195 1957 324 2032 iterum
343 1956 532 2032 incensam.
592 1957 696 2048 „Sic
728 1956 905 2033 ceciderat
931 1955 1078 2051 (excla-

50 2123 67 2162 „
98 2081 170 2144 mat
182 2064 366 2145 Bolsuetos
378 2063 418 2157 o>
431 2067 680 2144 admonitione
701 2081 825 2168 quarta
846 2066 1077 2156 crastimo.)

50 2236 65 2275 .‚
94 2177 280 2280 Babylon,
302 2184 402 2258 cuius
422 2178 574 2278 figuram
595 2177 707 2256 Roma
726 2183 762 2255 io
779 2177 982 2258 Occidente
998 2177 1078 2279 ges·

50 2290 127 2384 fit‚,.
186 2289 231 2370 Et
258 2292 397 2369 dudum
423 2309 504 2368 ante
524 2289 620 2370 Otto
644 2290 791 2390 Frisrng.
823 2295 1009 2393 postquam
1031 2292 1077 2371 de
1152 2366 1155 2371 .

50 2406 197 2502 imperio
228 2402 390 2481 Zenonis
426 2405 551 2489 lsauri,
583 2403 626 2480 de
647 2403 848 2502 Augustulo
878 2404 1074 2492 Romano,

50 2532 81 2593 rt
110 2517 312 2616 irruptione
340 2519 374 2588 io
403 2517 528 2591 urbem
555 2513 711 2591 Romam
740 2514 800 2612 sjrb
828 2513 1002 2598 Odoacre
1029 2517 1079 2593 es-

50 2624 94 2704 set
123 2628 288 2711 locutus,
318 2631 456 2725 pergit:
485 2625 522 2714 b>
551 2626 572 2717 ς,
594 2625 819 2714 Exclamare,
863 2646 989 2704 contra
1021 2653 1080 2704 re-

50 2793 67 2829 „
96 2764 176 2816 rum
201 2740 423 2813 mutabilium
456 2736 605 2813 miserias
633 2755 799 2836 tempore
826 2754 861 2815 et
889 2741 973 2816 loco
999 2743 1079 2817 exi·

50 2903 67 2941 ‚,
95 2869 207 2950 gente
232 2853 410 2947 cogimur.
471 2847 562 2926 Ecce
587 2853 683 2926 e'nim
707 2863 860 2948 regnum
893 2851 980 2928 illud
1006 2876 1080 2928 ma.

50 3010 68 3052 „
94 2967 238 3039 ximum
264 2985 304 3037 ac
325 2959 632 3060 potentissimum,
679 2969 719 3039 ac
740 2963 839 3064 quod
860 2962 936 3042 solo
959 2967 1080 3041 nomi·

551 3071 584 3151 R
618 3094 635 3162 3
674 3165 679 3173 ,
932 3132 954 3169 „
979 3100 1024 3152 oe

93 3227 146 3291 son
161 3226 318 3289 successeur
333 3243 494 3306 rayonnont
515 3227 575 3291 sous
598 3227 625 3290 sa
640 3229 729 3311 tiara:
754 3248 793 3291 un
809 3227 847 3290 tel
864 3228 1004 3305 spenacle
1016 3231 1031 3303 ,¹
1049 3233 1078 3307 J'e

97 3310 235 3383 sarone,
261 3331 307 3371 me
334 3314 427 3382 ravit,
452 3331 497 3371 me
509 3328 672 3390 transporte
686 3356 694 3383 ,
710 3322 890 3390 ore-penetre
902 3313 1079 3389 derespet‘t,

96 3395 226 3468 (seinse,
251 3413 280 3454 et
292 3395 327 3455 de
342 3394 586 3456 reconnoilsance.
630 3395 665 3470 Je
677 3413 714 3456 ne
728 3398 821 3457 oraine
835 3416 884 3471 pas
899 3397 1081 3473 d'appliooer

97 3474 178 3540 'acet
201 3492 374 3538 evenement
394 3477 436 3539 lea
463 3479 575 3554 paroles
599 3479 635 3540 de
659 3476 686 3539 la
710 3477 799 3542 sainte
816 3479 920 3557 Vierge
944 3482 1015 3541 deins
1031 3479 1080 3540 son

77 3560 261 3634 ‘Cantiquez
301 3561 404 3622 Dieua
424 3557 562 3625 converse‘
585 3561 626 3624 les
643 3576 741 3640 tyrans
760 3564 797 3624 de
818 3562 878 3624 leur
891 3565 996 3633 none,
1019 3580 1048 3623 er
1062 3560 1082 3621 il

93 3637 267 3785 (lasslhoe'.
281 3663 375 3716 ceux,
410 3643 492 3719 qu'ils
520 3649 613 3706 tenoit
645 3645 717 3706 dans
742 3645 940 3747 'homiliarium
992 3644 1084 3743 Eglise

127 3742 207 3795 rote,
232 3726 415 3803 triomphe23
440 3745 469 3788 et
480 3746 626 3803 quetoute
637 3728 662 3788 la
676 3727 767 3809 glorie
783 3749 819 3790 en
838 3729 918 3791 sorra
933 3745 1014 3788 notre
1033 3746 1084 3787 ce-

95 3808 168 3871 leste
194 3801 311 3882 donax,
336 3813 382 3886 qni
395 3831 410 3871 a
424 3805 513 3886 ope'rd
527 3811 570 3873 sor
581 3812 607 3871 la
624 3829 699 3872 terre
716 3812 753 3873 de
767 3813 784 3873 st
806 3813 913 3888 grands
926 3812 1082 3886 prodigos.

97 3912 156 3970 que
184 3911 238 3954 voe
260 3894 334 3953 vraie
362 3893 463 3955 enfans
480 3895 540 3956 s'en
566 3892 752 3970 rejouissent‚
776 3915 806 3958 et
839 3914 877 3955 en
905 3893 1086 3970 triumphent

99 3994 177 4038 avec
205 3978 304 4035 vous!

84 4087 124 4162 a)
148 4081 192 4146 De
214 4082 334 4144 excidio
349 4080 506 4162 Babylonio
520 4083 555 4148 T.
570 4083 620 4146 lll.
643 4103 671 4161 p.
694 4102 762 4160 720.
809 4085 841 4152 ir)
852 4080 894 4142 lib
922 4080 972 4142 lV.
988 4101 1013 4142 o.
1033 4101 1079 4145 ar.
