2438 4470
230 253 382 330 regnum
406 225 534 319 cirilli
548 229 587 307 in
612 229 776 351 terrine.
794 225 955 310 XXXV.
1025 253 1113 343 309·

67 421 165 476 mam
189 395 347 500 perdunt
366 417 450 471 cum
479 391 671 470 Romani
662 394 803 492 imperii
829 393 986 521 reliquiis
1008 397 1107 488 ulier

67 535 156 611 quas
185 507 340 583 necdum
375 484 604 618 perdiderant
638 503 770 580 horum
804 506 910 580 etiam
944 510 1101 587 anteces-

66 624 167 698 sores
194 619 395 704 christiani,
425 591 577 715 perinde
603 639 644 689 ec
661 615 795 691 ethnici
819 616 1060 696 chrisiiauae
1039 646 1101 696 or

66 734 240 812 thodoxae
270 729 350 806 sides
398 729 514 805 bosies
552 727 785 825 aemulique
777 751 812 800 m
844 751 907 830 per
910 729 1101 829 equeudrr

66 845 215 930 surrilis,
266 845 328 941 qui
361 840 424 916 sub
452 821 589 916 throno
620 837 693 915 Dei
731 838 885 914 clamant
912 846 1099 941 quotidie:

66 955 242 1057 usquequo
268 953 527 1030 uuuvirrdrcm
538 953 753 1048 sanguinem
781 947 935 1040 nostrum
956 956 1024 1034 &o
1111 1016 1114 1021 .

134 1166 238 1263 ¹Non
273 1165 335 1241 diu
374 1166 414 1241 ‘in
454 1161 607 1244 Oriente
641 1164 867 1242 conservatus
897 1167 946 1243 est
974 1165 1098 1248 honor

66 1281 284 1378 imaginibus
300 1279 498 1353 sensi-orum
518 1279 751 1361 deserendus,
773 1300 827 1352 ιιι.
852 1289 944 1364 818.
968 1278 1099 1358 aLeo·

66 1419 110 1470 ne
140 1392 300 1469 Armeno
328 1389 379 1465 Mi
385 1390 514 1466 chaesis
535 1389 763 1486 Curopalutis
797 1385 1031 1469 successore
1022 1415 1111 1476 reo-2

66 1503 268 1603 ηοιιιιιΙιιιι
292 1501 524 1576 addiurffimo
548 1500 720 1587 sublatus:
743 1503 1097 1606 iterumqueinmo-
1169 1530 1172 1535 '
1212 1532 1216 1539 ·

66 1594 204 1694 nachor
232 1612 421 1712 presertim
451 1612 618 1688 conversa
639 1613 688 1688 esi
713 1615 936 1709 persecutio:
966 1618 1001 1690 in
1026 1639 1097 1716 qua

65 1727 240 1826 insignia
231 1729 406 1824 rmprimis
424 1712 581 1823 trophea
598 1699 836 1800 invisliffimus
850 1726 955 1802 abbas
972 1726 1096 1805 Theo·
1195 1726 1199 1737 “

66 1841 176 1918 dorus
205 1839 369 1924 studita,
401 1836 489 1915 alios
521 1839 626 1911 etiam
659 1836 739 1912 sidei
774 1835 992 1916 consessores
1019 1839 1098 1917 site-

66 1955 112 2034 ris
137 1951 181 2026 ad
206 1950 438 2025 constantiam
465 1952 647 2035 animans,
673 1948 876 2056 ‘ipsumque
902 1955 1096 2059 imperato-

66 2086 154 2148 rem,
168 2063 297 2161 spreto,
315 2064 364 2136 ob
377 2063 595 2160 dogmaiam
613 2059 782 2137 sententia
796 2064 943 2138 concilii
957 2089 1096 2143 oecum.

66 2194 163 2252 extra
181 2171 461 2252 controversum
486 2170 655 2272 positum,
676 2173 809 2255 indisso
830 2175 1043 2275 congressu,
1059 2177 1096 2255 S.

66 2276 210 2364 loannis
245 2284 459 2362 Damasceni
495 2285 569 2360 sere
613 2287 733 2362 verbis
774 2287 883 2386 pauso
916 2305 1017 2365 antea
1047 2289 1096 2367 ol-

66 2399 140 2477 sutis
159 2398 358 2474 allocutus:
395 2397 494 2489 „Ne
515 2412 628 2473 tentes
651 2423 676 2473 o
691 2389 909 2496 imperator!
938 2400 1098 2478 ecclesa-

66 2568 83 2606 ,,
114 2513 238 2587 sticum
272 2511 398 2586 statum
434 2507 627 2584 dissolvere.
689 2510 749 2586 Ait
769 2514 866 2586 enim
890 2515 1093 2611 apollo-sus:

66 2680 85 2717 ‚2
116 2622 307 2716 Quosdam
327 2623 480 2722 quidem
493 2622 610 2718 posuit
628 2623 838 2719 apostolos,
858 2624 990 2706 deinde
1005 2649 1095 2725 pro,-

66 2792 84 2833 ‚,
115 2735 264 2835 phetas,
293 2739 402 2813 tertio
420 2736 575 2834 pastores
596 2750 630 2809 et
657 2733 827 2814 dosiores
845 2737 888 2816 ad
907 2737 1094 2833 perfessio-

66 2903 84 2943 ‚‚
114 2870 198 2924 nem
220 2846 429 2927 [enisurum.
480 2845 698 2929 Nondixit‚
731 2871 843 2945 reges.
903 2847 988 2927 Tibi
1017 2851 1098 2948 qui.

66 3017 85 3055 „
118 2959 200 3035 dem
213 2960 257 3043 ol
271 2961 483 3060 imperator,
502 2959 612 3037 civilis
628 2959 733 3037 slatus
745 2979 780 3034 et
797 2963 976 3049 exercitus
992 2984 1095 3045 eom-

66 3127 86 3166 „
118 3066 238 3149 missus
258 3070 323 3146 est:
354 3070 430 3150 hec
456 3073 705 3168 igiturcura3
759 3068 949 3154 Ecclesiam
973 3068 1101 3161 autem

66 3239 84 3282 ἢ
114 3182 314 3283 pastoribus
338 3197 373 3262 et
392 3183 622 3267 doctoribus,
656 3198 695 3263 ur
717 3184 765 3259 ait
790 3184 997 3282 apostulus.
1034 3186 1098 3264 du
1182 3174 1186 3180 ’

66 3351 95 3398 n,
116 3292 292 3393 relinque.
345 3295 410 3376 ‘At
435 3293 458 3368 sl
486 3319 561 3369 nou
591 3297 641 3373 ris
672 3295 744 3374 hoc
771 3296 922 3378 secere:
967 3293 1100 3399 liquis

66 3462 84 3507 ,‚
116 3404 358 3508 pervertendae
383 3403 464 3485 sidei
487 3407 614 3484 nostre
648 3407 750 3486 ceusu
774 3409 909 3509 aliquid
928 3409 972 3492 de
996 3411 1099 3494 coelo

66 3574 86 3619 „
115 3521 220 3597 nobis
247 3524 528 3602 annuntiarent,
549 3519 666 3616 ipsum
680 3542 757 3594 non
777 3521 995 3615 audiemus3
1021 3540 1098 3600 tan·

66 3685 84 3723 „
110 3645 192 3709 tum
211 3631 331 3716 abest,
362 3647 401 3711 ut
423 3645 458 3707 te
479 3629 637 3710 audituri
658 3629 763 3710 fimus
782 3685 818 3722 „-
876 3633 1018 3716 Necato
1038 3659 1098 3712 ιιι.

66 3753 155 3834 820..
187 3737 304 3824 Leoni
347 3741 510 3845 Armeno
549 3739 704 3821 succeffit
739 3741 899 3824 Michael
932 3743 1063 3821 Balbus
1086 3762 1099 3833 ,’

66 3858 125 3955 qui
154 3858 274 3945 (nrox
303 3849 427 3936 Leone
465 3852 587 3937 sevior
616 3854 758 3953 futurus
795 3860 851 3936 un
876 3857 989 3938 etiam·
1006 3858 1098 3935 silius

66 3972 141 4048 eins
165 3958 426 4066 Theophilus,
471 3969 665 4046 renitentes
692 3989 841 4066 quoque
878 3966 1098 4068 exquisitissi-

540 4075 575 4154 U
608 4093 627 4164 3
975 4084 1071 4171 mir¹
