2438 4470
192 271 341 345 reguum
363 244 490 335 crusti
499 248 541 325 iu
557 248 680 328 terris..
692 268 720 322 c.
738 247 962 334 XXXVIII.
1020 259 1096 351 341

66 411 237 505 „bertus
263 409 517 505 schafnaburg.
544 408 658 484 adan.
693 415 807 502 1073‘.
837 412 1023 512 loquitur)
1052 431 1094 494 et

66 578 90 615 „
116 526 204 616 acris
227 546 309 619 erga
338 520 459 603 Deum
491 521 568 595 fidei
599 522 783 597 distritlius
804 546 865 598 eos
889 549 956 621 pro
974 528 1087 625 negli-

65 690 89 727 „
118 636 248 731 gentiis
275 633 344 708 iuis
371 633 590 731 quandoque
621 640 828 727 percuteret.
888 635 986 713 Sicut
1021 662 1087 736 po-

63 802 88 837 „
117 744 221 843 pulos
238 753 253 838 (
266 743 346 821 sunt
373 745 477 819 verba
501 742 684 820 Guilielmi
710 742 810 842 Tyrii
831 743 1007 834 altune,
1039 755 1088 827 ita

64 913 91 958 „
118 871 154 933 et
178 856 347 937 sacerdos.
406 854 571 954 Episcopi
598 855 818 952 negligentes
850 857 927 933 faeta·
957 874 1085 949 erant,

31 997 34 1002 ·
65 992 218 1061 „canes
246 969 360 1046 muti:
390 983 465 1041 nob
500 965 652 1066 valentes
684 958 837 1045 latrare:-
858 966 1089 1054 dinumeras

64 1135 90 1175 „
119 1102 196 1162 uon
220 1078 433 1156 declinantes
465 1075 618 1154 haerefin.
639 1124 676 1178 „·
698 1070 720 1135 Ἴ
832 1166 837 1195 ¹

150 1271 337 1350 Horrenda
366 1273 448 1351 lunt
472 1286 507 1353 et
525 1272 795 1359 abominabilia,
825 1297 904 1375 quas
932 1276 1089 1372 gratilli-
1134 1356 1137 1362 Δ

10 1438 14 1445 -
66 1409 147 1460 mus
163 1386 220 1462 bic
234 1410 252 1460 a
267 1385 460 1469 Schardio,
492 1402 527 1459 et
546 1383 697 1459 Pistorio
718 1385 832 1462 editus
854 1387 993 1474 auctor,
1014 1387 1093 1462 alti.

66 1521 138 1596 que
166 1496 354 1595 scriptores
385 1493 583 1580 Germani,
616 1495 717 1580 Itali,
748 1495 874 1583 Galli,
919 1497 1092 1594 Anglide

65 1608 268 1706 promiscua
293 1608 510 1703 dignitatum
529 1604 831 1683 ecclelrasticarum
848 1611 1092 1686 nundinatio·-

64 1744 112 1795 ne
132 1718 305 1794 referunt.
359 1713 511 1800 Eadem,
542 1741 583 1792 ac
597 1718 711 1794 multo
731 1720 853 1796 adbuc·
865 1722 1088 1797 abbatiarum

65 1830 223 1904 deterior
249 1841 322 1903 erat
344 1829 525 1914 conditio,
557 1829 744 1926 prasertim
767 1833 911 1928 quaudo
927 1835 1089 1929 primum

63 1939 214 2019 Henrici
233 1940 367 2015 iuvenis
386 1962 507 2019 curam
528 1937 735 2018 Adalbertus
753 1940 947 2018 Bremenlis
964 1940 1110 2048 gertr..

64 2049 327 2127 etWernerus
352 2074 483 2127 comes.
535 2050 691 2136 libitis,
738 2052 816 2129 lent
843 2055 1141 2130 moxlaudatl»

67 2160 252 2240 lambet-ri
273 2160 603 2260 Schafuaburgenfis
617 2161 655 2249 b)
674 2165 801 2248 verba,
832 2162 1089 2261 episcopatus-et-

65 2272 236 2357 olrdutiae,
268 2271 310 2348 olr
341 2274 396 2349 hir
428 2274 596 2368 quidquid
624 2272 940 2360 ecclesiasticorum,
986 2275 1087 2370 quiri.

38 2385 152 2482 ,quid
170 2382 383 2478 secularium
413 2386 629 2480 dignitatum
654 2383 722 2470 eil,
781 2386 991 2463 inserantur·
1013 2390 1086 2479 dre.

61 2494 282 2594 Exemplum
308 2495 380 2572 boc
404 2506 477 2573 nod
502 2495 616 2572 solum
649 2499 852 2596 principes,
875 2499 1090 2596 [ed‘epilco-

62 2610 105 2708 pi
130 2611 237 2683 etiam
252 2623 288 2682 et
306 2610 447 2684 abbates
461 2608 716 2706 sequebantur,
748 2634 786 2684 ea
803 2633 881 2708 quaa
901 2607 952 2686 fic·
967 2610 1090 2707 adepti·

65 2731 188 2803 erant,
216 2717 768 2805 infidelillrmeadministrantes„
795 2721 1005 2804 rendentes,
1032 2722 1091 2795 dt

63 2829 276 2906 strabentes:
297 2831 407 2907 veluti
418 2830 462 2907 de
479 2829 681 2913 Humberto
697 2833 781 2906 abb..
796 2828 905 2910 XXI.
936 2829 1087 2908 Laures-

64 2940 224 3021 hameufi
250 2942 382 3038 legitur
408 2946 443 3016 iu
470 2942 647 3018 chronico
671 2945 746 3018 eius
778 2944 924 3018 monast.
953 2943 1087 3018 aulico·

66 3074 152 3127 rum
175 3052 293 3128 studiis
312 3071 349 3129 et
369 3056 573 3152 patrociniis
596 3053 713 3129 fulto:
753 3077 899 3148 quorum
918 3050 1098 3149 foveram·-

55 3159 129 3258 sthi
147 3160 260 3236 multu
279 3168 422 3256 pecunia
444 3175 559 3260 utpote
579 3162 713 3253 ecclefiae
725 3164 917 3260 prapoutur
938 3176 970 3238 et
987 3163 1095 3261 pseu:

66 3274 358 3361 clo-oeconomus,
388 3275 448 3351 diu
467 3273 737 3367 conciliaverut3
764 3281 918 3371 cognoris
940 3274 1010 3367 suis·
1031 3300 1090 3352 rus

69 3383 204 3474 multia
224 3383 384 3484 exposcet
399 3384 657 3473 dillrubendus,
685 3388 784 3461 villus
809 3385 1005 3473 mrsuullerii
1020 3386 1112 3479 ¹lub-

70 3499 209 3570 nomine
233 3497 380 3592 benificii
401 3495 585 3582 distribuit.
641 3497 745 3590 Quid
770 3497 793 3572 sr
822 3503 890 3573 iam
916 3499 1094 3575 luccellor·

70 3605 169 3686 Petri*
188 3606 419 3686 severitatem
433 3626 526 3686 tanta
543 3610 772 3707 perverlitate
788 3609 869 3686 usus
886 3611 952 3684 est:
977 3635 1088 3709 quau·
1116 3624 1118 3631 ’

72 3719 122 3798 do
155 3715 230 3816 ipso
255 3741 272 3791 a
301 3720 335 3794 S.
356 3720 462 3801 Petro
489 3723 637 3797 Ananias
656 3736 694 3796 et
720 3721 866 3820 Suphira
889 3727 922 3794 in
946 3723 1088 3820 propria

74 3834 184 3911 etiam.
219 3827 402 3911 substantia
439 3856 522 3931 erga
563 3829 753 3910 Ecclesrmu
787 3831 942 3942 infideles
980 3836 1088 3906 lubitu

528 3941 561 4025 Y
593 3962 618 4032 3,
938 3965 1036 4017 mor·

117 4094 151 4170 a)
173 4092 255 4157 Gesta
278 4097 330 4154 Dei
346 4090 365 4154 l.
384 4111 407 4154 r.
427 4113 447 4153 s.
473 4105 499 4165 a.
566 4099 598 4171 b)
619 4095 661 4156 nd·
675 4115 718 4157 an.
749 4102 832 4158 1062.
