2438 4470
361 478 852 635 CurunXXlii.

154 713 265 816 captu
280 711 414 800 Romu,
436 713 679 811 Apncubpticn
698 712 871 809 Babylone
884 726 921 791 et
936 711 1069 808 bestia,

386 822 500 903 Roma
517 826 627 922 sacra
652 825 836 924 efflorescit.

93 980 258 1155 Tutus
275 991 312 1067 in
329 1011 375 1066 eu
390 989 441 1068 est
455 985 493 1066 Β.
510 984 655 1071 Bouuet
669 1003 749 1069 tum
768 991 806 1064 iu
834 991 1119 1078 commentario,

200 1126 287 1181 cum
303 1104 339 1178 in
350 1101 426 1184 aliis
441 1099 576 1200 scriptis
592 1099 696 1200 super
717 1099 953 1205 Apuoeiypiin
970 1101 1007 1179 S.
1023 1102 1121 1179 loan-

93 1215 173 1302 uis,
202 1216 448 1311 utacapite4
469 1211 634 1314 usquead
650 1213 833 1291 decimum
855 1237 997 1289 nonum
1020 1215 1120 1290 veluti

94 1323 183 1410 ferie
209 1327 363 1424 quadam
391 1324 557 1404 historica
575 1321 774 1423 descripta,
805 1323 1030 1402 demonstret
1059 1326 1120 1401 fara

95 1440 195 1516 urbis
211 1436 401 1538 septicoilis
419 1433 546 1514 Roma
569 1437 632 1515 iub
653 1438 803 1516 nomine
822 1434 1040 1539 Babylonis,
1060 1440 1118 1510 im·

82 1618 86 1625 ,
94 1551 259 1655 petiique
285 1546 439 1628 Romani
462 1548 577 1624 bestiae
601 1548 856 1651 apocalyptica
878 1553 1026 1651 (prout
1043 1548 1119 1629 niu

76 1658 160 1739 'sub
181 1661 367 1738 bestiarum
389 1663 537 1735 nomine
550 1682 662 1757 tegna
680 1662 716 1734 iu
735 1659 920 1758 prophetis
939 1660 1118 1760 defignan·

95 1768 184 1870 tur)
207 1770 378 1873 usquead
405 1785 545 1870 captam
562 1771 606 1845 ab
627 1769 769 1853 Alarico
796 1770 1012 1856 Gothorum
1039 1795 1117 1870 rege

72 1886 245 1976 ‘urbem3
271 1886 317 1964 ita
343 1884 448 1959 etiam
469 1886 535 1962 tria
554 1882 611 1957 iila
632 1905 704 1970 vae,
735 1883 781 1958 de
807 1883 939 1981 quibus
957 1907 1036 1982 cap.
1055 1881 1116 1962 lx

98 2013 161 2070 12.
190 1990 250 2066 Vae
272 2013 381 2068 unum
403 1989 514 2077 abiit.
554 2004 589 2068 at
616 2016 689 2070 ecce
713 1997 862 2072 veniunt
879 1995 948 2074 dun
971 1994 1053 2082 Vae,
1089 2004 1118 2069 et

95 2126 171 2204 cap.
195 2101 262 2191 XI.
296 2125 354 2197 ¹4·
382 2101 442 2178 Va
465 2124 573 2178 unum
602 2102 710 2190 abiit,
750 2118 784 2182 et
800 2127 871 2187 ecce
889 2130 943 2188 va
978 2109 1117 2184 tertium

94 2220 235 2302 ueniet,
285 2216 432 2314 perinde
455 2238 583 2292 omnes
617 2214 844 2316 Apoealypiis
874 2233 992 2318 partes
1019 2219 1118 2318 usque

33 2344 39 2355 ·
94 2326 140 2411 ad
164 2342 271 2424 caput
293 2324 386 2404 XX.
410 2331 502 2402 inter
530 2325 564 2404 se
586 2329 716 2404 vinitas
739 2331 899 2429 partitur.
962 2331 1003 2406 id
1023 2327 1116 2429 quud

94 2435 349 2523 succinctiusin
366 2439 728 2519 demonstrationibus
740 2441 780 2520 de
790 2443 925 2514 excidio
939 2440 1117 2536 Babylonis

94 2545 134 2646 u)
150 2549 245 2655 apud
264 2549 298 2626 S.
316 2549 489 2628 loannem
515 2551 711 2630 euroiiarin
738 2553 1053 2635 demonstrationis
1074 2554 1092 2627 s
1103 2600 1118 2620 -

95 2662 243 2754 cundae,
271 2660 437 2766 deinceps
457 2663 669 2743 articulatim
696 2663 1006 2748 demonstratione
1024 2669 1118 2748 tertia

123 2796 161 2849 er
177 2777 291 2871 capitu
310 2774 491 2855 manifeste
510 2775 559 2850 ub
585 2773 712 2851 oculos
730 2779 834 2873 ponit
857 2832 869 2863 ,
887 2791 924 2852 et
955 2777 1117 2860 declarat

93 2794 156 2968 ge
175 2885 319 2968 excidio
341 2900 458 2967 autem
494 2883 620 2969 Roma
646 2884 837 2987 Babylonis
868 2889 1121 2996 apocalyptica

94 2995 132 3071 in
162 2995 302 3083 Alarico
327 2995 547 3096 potiffinrum
570 2996 821 3081 iubfistenduut
858 3013 978 3087 ratus¹
1009 3003 1121 3086 eidem

92 3095 356 3206 Rudagaisum,
394 3104 540 3213 dequo
568 3112 691 3213 supra,
732 3112 873 3206 iungit,¹
919 3115 983 3212 qui
1017 3116 1121 3196 tertio

92 3217 173 3329 pust
198 3218 377 3302 Alaricum
403 3243 499 3304 anno
523 3220 656 3302 ltaliam
678 3221 847 3319 ingrtffus
868 3222 940 3310 est,
971 3221 1058 3308 dum
1081 3225 1120 3308 ab

91 3351 189 3413 anuo
210 3328 368 3430 sequenti
385 3330 552 3430 deinceps
575 3335 765 3430 imperium
791 3333 999 3416 Romanum
1025 3340 1119 3417 iuva.

91 3437 220 3524 derunt
241 3437 412 3528 Vandali,
455 3441 603 3527 Hunni.
643 3441 785 3528 Franci,
817 3444 1118 3549 Burgundiones.

91 3551 225 3638 Suevi.
253 3551 377 3637 Alani,
408 3549 579 3638 Herules,
611 3559 740 3653 quibus
763 3555 1000 3641 suceefferunt
1024 3558 1131 3644 Lon-t

90 3661 267 3762 gabardi.
296 3663 507 3747 Alemanni,
540 3667 721 3752 Saxones,
751 3691 849 3764 quus
883 3645 1008 3754 deterri
1043 3671 1118 3756 iiius

90 3798 193 3881 teget
214 3775 272 3857 seu
301 3797 437 3857 cornua
471 3773 584 3876 apoc.
611 3773 732 3864 let.
764 3798 822 3859 12.
844 3781 1117 3887 interpretatur.

988 3917 1067 3984 110¹]

2 4022 33 4056 ²
132 4040 167 4119 a)
189 4036 227 4104 T·
253 4037 306 4106 111.
329 4057 399 4121 onn-
424 4057 453 4119 n·
479 4036 650 4120 unsrun·
