2400 4478
218 222 371 306 regnam
402 201 530 297 Christi
553 206 592 283 in
615 205 735 283 terris.
758 217 785 282 r.
807 204 931 284 XXX.
1004 221 1082 304 263
1165 173 1167 178 Ι

49 372 111 450 rus
127 368 296 468 colligit,
328 394 404 446 non
421 363 538 446 multo
557 370 639 469 post
653 393 788 446 anuum
805 389 896 464 439.
918 369 1082 470 scripsisse

49 508 129 562 :um
142 482 254 560 libros
267 483 311 558 de
324 483 592 581 gubernatione
607 481 696 565 Dei,
714 483 877 582 adeoque
889 501 1083 583 antequam

49 597 171 682 talia,
202 611 237 671 et
265 610 322 672 tot
351 594 425 670 alias
451 611 578 689 gentes
610 595 753 671 Attilam
784 592 965 691 flagellum
988 595 1081 683 Dei,

49 708 164 786 Roma
179 723 214 784 et
233 707 348 787 Africa
366 704 623 787 Gensericurn‚
654 707 748 782 idenr
768 706 812 782 de
833 709 865 782 se
891 709 1079 793 testatum,

49 820 192 921 aliaeque
222 822 415 923 provinciae
440 821 578 914 imperii
600 814 756 895 Romani
776 817 976 895 invasiones
1001 819 1082 898 alias

49 950 203 1032 experta
218 928 338 1012 essent.
373 931 432 1009 Sic
449 953 534 1005 vero
551 929 608 1003 lib.
627 927 687 1004 Vl.
705 951 734 1004 c.
760 949 816 1004 12.
836 930 1023 1008 Salvianus
1037 931 1082 1008 ad

48 1067 120 1122 rem
135 1044 307 1146 loquitur.
324 1041 499 1134 „Vallata
512 1042 559 1117 est
577 1040 670 1118 ltalia
684 1057 739 1120 tot
754 1045 821 1114 iam
835 1042 1010 1120 cladibus:
1028 1069 1083 1120 et-

48 1213 62 1249 ,
96 1181 149 1254 gu
163 1157 337 1235 italorum
351 1157 432 1232 vitia
448 1152 674 1231 destiterunt?
688 1151 831 1231 Obsessa
848 1155 897 1229 est
909 1160 991 1231 urbs
1006 1154 1080 1235 Ro-

48 1325 60 1360 ,
96 1293 177 1353 nra,
209 1284 244 1346 et
261 1284 486 1365 expugnata:
519 1289 610 1362 ergo
630 1263 808 1341 desierunt
826 1262 1022 1364 blasphemi
1040 1289 1080 1347 ac

48 1439 61 1474 ‚
96 1378 221 1457 suriofi
248 1378 315 1455 esse
339 1378 518 1461 Romani?
544 1376 770 1455 lnundaruut
794 1376 924 1456 Gallias
951 1397 1078 1477 gentes

49 1549 61 1586 ,
97 1493 269 1569 barbarae:
300 1514 410 1587 ergo,
432 1489 662 1589 quantumad
677 1513 795 1565 mores
812 1490 1079 1590 perditosspec-
1104 1553 1105 1557 ,

48 1661 63 1697 ,,
97 1617 169 1687 tat,
202 1626 277 1677 non
309 1603 431 1677 eadem
454 1601 532 1676 sunt
563 1599 753 1677 Gallorum
785 1605 953 1687 crimina,
998 1628 1080 1707 quae

47 1773 66 1808 ‚,
97 1713 271 1793 fuerunt?
302 1713 617 1791 Transcenderunt
636 1718 671 1786 in
691 1711 867 1812 Hispania
888 1731 995 1792 terras
1013 1740 1081 1814 po.

47 1883 67 1920 ,,
96 1827 170 1927 puli
197 1819 496 1904 Wandalorum:
528 1840 660 1901 motata
687 1827 833 1923 quidem
860 1827 908 1903 est
925 1826 1000 1905 sors
1017 1826 1080 1906 Hi·

47 1995 65 2032 ‚,
97 1938 316 2044 spanorum,
360 1937 518 2017 sednon
545 1955 677 2014 mutata
703 1936 879 2015 vitiositas.
940 1939 1080 2018 Postre.

47 2107 65 2144 „
100 2075 185 2138 mo,
217 2074 262 2129 ue
292 2073 360 2152 qua
387 2073 464 2152 pars
489 2050 613 2127 nrundi
644 2049 848 2130 exitialibus
874 2051 974 2156 usalis
993 2049 1078 2131 esset

47 2218 64 2256 ,,
96 2166 287 2248 immunis,
320 2165 489 2261 navigare
517 2186 578 2261 per
603 2159 728 2241 flodus
747 2161 834 2240 bella
861 2179 1076 2260 coeperunt,

47 2331 64 2368 ‚,
97 2299 177 2376 quae
194 2277 326 2353 vastatis
354 2277 500 2351 urbibus
516 2275 602 2348 mari
617 2272 759 2359 clausis,
791 2292 826 2350 et
849 2275 973 2351 everhs
998 2277 1077 2354 Sar-

47 2445 64 2481 „
97 2388 192 2465 dinia
208 2410 249 2463 ac
265 2386 400 2473 Sicilia,
432 2386 465 2460 id
491 2388 559 2469 est,
582 2385 753 2463 fiscalibus
775 2386 937 2472 horreis,
970 2405 1078 2489 atque

46 2557 61 2593 „
94 2499 242 2575 abscissis
286 2498 382 2577 velut
426 2499 588 2573 vitalibus
633 2501 767 2584 venis,
832 2500 985 2581 Atticam
1026 2505 1077 2598 ip·

46 2669 63 2705 ‚‚
95 2610 187 2697 saur,
217 2611 332 2697 idest,
349 2607 443 2709 quah
457 2616 609 2686 animani
626 2615 849 2707 captivavere
864 2611 1075 2712 reipublice.

46 2779 65 2818 „
93 2720 253 2823 Ecquid!
282 2719 439 2819 ingressis
458 2737 585 2797 terram
615 2721 709 2796 illam
729 2725 897 2819 gentibus
920 2723 1077 2799 barbaris

46 2892 60 2930 ,
92 2837 238 2922 sorlitao
254 2835 308 2913 vel
325 2850 423 2912 metu
439 2836 520 2909 vitia
534 2829 734 2910 cessaruntl·
757 2835 827 2911 Aut
840 2832 925 2910 slcut
940 2837 1080 2933 corrigi

46 3005 62 3040 ,,
94 2949 139 3024 ad
172 2947 320 3049 presens
346 2950 451 3027 etiarn
478 2943 675 3044 nequithmi
699 2948 856 3048 'quique
888 2945 1075 3024 servorum

46 3119 61 3154 υ
93 3060 232 3145 solent,
264 3058 474 3137 modestiam
501 3058 619 3132 saltem
643 3081 685 3134 ac
709 3057 927 3158 disciplinam
959 3074 1076 3136 terror

48 3231 59 3266 ,
92 3169 264 3250 extorhtl
295 3170 390 3264 Quis
410 3170 579 3249 aestinrare
596 3168 668 3244 hoc
685 3170 820 3246 malurn
841 3169 968 3267 poslrt‘l
995 3172 1075 3250 Cir·

46 3343 59 3379 ,
90 3282 352 3361 cutnsonabant
366 3284 473 3362 armis
493 3305 618 3360 muros
636 3281 765 3367 Cirtae,
796 3298 903 3382 atque
925 3284 1076 3374 Cartha.

48 3454 59 3491 ,
92 3400 186 3495 ginis
205 3395 334 3496 populi
371 3395 627 3479 barbarorum,
658 3410 693 3471 et
722 3394 863 3473 ecclesia
889 3395 1079 3494 Carthagi-

46 3567 58 3604 ,
89 3507 204 3585 nensis
222 3509 415 3585 insaniebat
442 3511 477 3582 in
499 3510 623 3592 circis,
654 3507 855 3585 luxuriabat
873 3513 908 3584 in
930 3511 1075 3585 theatris

45 3679 58 3716 ,
94 3622 154 3698 &c
170 3677 202 3712 „.
263 3619 377 3719 lpsunr
404 3619 475 3696 hoc
493 3619 523 3695 S.
542 3616 760 3716 Augustinus
781 3622 824 3696 de
845 3618 1019 3699 Romanis
1040 3623 1076 3694 iu

45 3733 196 3815 hsricanr
234 3733 315 3834 post
344 3747 482 3830 captam
520 3734 643 3807 urbem
669 3734 851 3832 'profugis
879 3731 1077 3829 perhibet,

45 3903 57 3938 ,
88 3847 192 3947 quod
213 3849 229 3940 (
250 3841 323 3931 ait)
352 3844 561 3920 incredibile
578 3843 725 3921 sorfitan
749 3849 834 3928 erit,
866 3841 890 3916 sr
911 3867 927 3914 a
950 3842 1077 3918 nolitis

45 4016 58 4053 ,
89 3959 241 4063 posteris
268 3957 462 4045 audietur,
494 3955 657 4034 Romana
688 3957 775 4032 urbe
807 3954 953 4038 vastata,
985 3978 1078 4052 quos

83 4094 86 4100 ⁴
512 4067 544 4143 R
575 4090 601 4158 4
866 4121 888 4154 5,
920 4067 1024 4161 pesss-
