2400 4478
225 243 372 316 regnum
386 215 520 308 curius·
532 167 571 294 iu
586 216 703 296 terris.
723 239 749 295 c.
766 209 911 294 XXIX.
1006 217 1082 315 ‘255

53 433 80 481 „·
107 409 147 462 ca
166 384 310 468 ueluti,
353 404 433 480 quae
460 379 573 480 pollet
591 381 763 478 colligere
783 382 817 456 in
841 384 1088 460 monumentis

53 556 77 591 „
110 496 361 581 historiarum,
402 510 449 570 ut·
475 495 559 568 hinc
597 494 883 590 intelligeretur,
925 493 1093 592 pluresne

54 668 79 704 ‚,
103 635 124 686 a
140 607 335 684 christianis
353 607 576 704 temporibus
594 604 803 680 huiusmodi
823 606 938 697 clades
957 605 1092 687 evenis-

58 779 83 816 „
112 721 188 797 sent
202 713 253 809 „.‘
277 717 321 792 At
343 717 459 793 multo
480 714 691 812 ampliorem
709 740 875 813 carrtpum
891 715 952 792 fibi
974 721 1092 816 vigin-

64 837 92 909 ti
113 832 257 909 duobus
279 829 376 904 libris
399 829 606 904 decivitate
636 826 704 902 Ilei
723 827 755 904 S.
773 829 1092 932 Augustinusape.
1139 925 1147 938 ‚

63 947 193 1028 riens,
246 941 454 1017 exordium·
471 958 591 1016 tamen
614 963 662 1042 ac
691 939 800 1015 veluti
832 958 1088 1036 argumentum

57 1058 182 1156 operis
211 1055 343 1128 eodem
372 1075 494 1137 anno,
526 1074 601 1152 quo
620 1051 776 1128 Alaricus
802 1045 956 1127 Romam
979 1055 1093 1155 depoq

59 1168 204 1268 pulatus
227 1165 302 1251 est,
333 1167 468 1264 coepti,
505 1162 589 1240 hinc
614 1162 743 1247 luotit,
791 1161 1092 1268 occasronemque

56 1276 277 1355 defensionis
315 1275 412 1361 suae,
468 1289 508 1351 ut
539 1299 583 1350 ex
617 1271 685 1372 ipsa
719 1274 952 1374 inscriptione
976 1279 1092 1358 statim

57 1415 139 1490 cap.
166 1413 196 1464 1.
222 1386 335 1487 palam
363 1387 401 1462 llt
433 1387 474 1461 de
502 1385 718 1483 aduersariis
753 1389 905 1462 nominis
932 1387 1090 1479 Christi,

56 1499 188 1600 quibus
216 1502 255 1574 io
286 1495 476 1585 pollutione
494 1495 608 1572 uruit
627 1481 783 1593 propter'
810 1495 982 1587 Christum
1010 1499 1094 1577 bar.

60 1613 149 1691 buri
170 1620 407 1705 pepercerunt.
467 1608 692 1686 Adversarius
715 1609 772 1684 hic
798 1606 984 1688 Romanos
1005 1637 1096 1711 gen·
1173 1626 1175 1630 ’

60 1727 143 1804 tiles
168 1721 357 1818 intelligit,
389 1720 519 1819 quibus
543 1719 622 1818 ipfis
649 1720 802 1797 Alaricus
822 1725 970 1822 eiusque
993 1748 1095 1802 exer·

64 1838 159 1914 citus
179 1833 475 1930 confugientibus
500 1830 542 1907 ad
566 1830 646 1909 loca
662 1833 753 1908 sacra
777 1837 936 1932 pepercit
956 1859 967 1927 ;
994 1871 1019 1928 ·,‚
1037 1837 1094 1914 An

66 2003 89 2042 „
121 1970 218 2031 non,
252 1946 363 2040 (lunt
383 1939 422 2030 u)
456 1945 559 2020 verba
596 1943 627 2020 8.
651 1942 877 2042 Augustini)
909 1948 1014 2023 etiam
1043 1949 1095 2026 illl

68 2116 90 2152 „
112 2056 290 2135 Romano
317 2055 447 2133 Christi
480 2057 620 2131 nomini
651 2055 764 2132 infesti
799 2054 907 2143 lunt,
963 2062 1094 2157 quibus

67 2226 90 2265 „
119 2184 267 2270 propter
288 2166 470 2245 Christum
488 2169 626 2243 barbari
649 2168 917 2266 pepercerunt?
946 2169 1096 2248 Tellen-

67 2338 89 2376 „
120 2298 180 2359 tur
195 2280 267 2356 hoc
288 2296 485 2378 martyrum
508 2278 586 2356 loca
604 2293 638 2354 et
653 2278 798 2356 basilicae
813 2280 1093 2380 Apostolorum,

10 2384 12 2393 ’
67 2446 92 2487 ‚s
118 2395 256 2492 quaein
280 2389 334 2467 illa
364 2392 556 2466 vastatione
583 2392 679 2467 urbis
712 2391 755 2468 ad
782 2391 814 2467 se
841 2394 1096 2492 confugientes

10 2588 20 2617 ι
68 2561 90 2600 „
122 2504 222 2587 suos,
238 2502 445 2601 alienosque
462 2516 684 2600 receperunt.
742 2500 825 2582 Huc
843 2507 953 2604 usque
968 2529 1096 2582 cruen-

10 2686 24 2713 .,
70 2673 91 2711 ,‚
122 2633 179 2693 tus
210 2615 367 2689 saeviebat
401 2616 598 2704 inimicus,
642 2615 689 2688 ibi
722 2617 915 2713 accipiebat
943 2615 1096 2694 limitem

10 2724 41 2821 ’,
72 2783 93 2820 „
121 2728 348 2804 trucidatoris
372 2720 493 2814 furor3
524 2723 587 2807 illo
611 2722 832 2801 ducebantur
866 2727 1097 2805 amiseranti·

10 2820 45 2933 ζ
72 2895 94 2934 „
121 2840 189 2917 bus
207 2837 395 2920 hostibus,
439 2835 567 2934 quibus
588 2837 693 2910 etiam
711 2851 815 2912 'extra
839 2837 913 2935 ipsa
934 2838 1014 2917 loca
1033 2863 1099 2940 pe.

10 2944 91 3047 J„
121 2964 328 3051 poscerant,
370 2968 415 3022 ne
436 2948 472 3022 in
493 2970 556 3023 eos
585 2947 828 3032 incurrerent,
861 2951 922 3048 qui
947 2948 1096 3032 similem

10 3056 95 3156 ᾖ,
119 3059 394 3155 misericordiam
428 3082 502 3133 non
531 3057 718 3134 habebant.
734 3113 757 3149 „
793 3056 912 3138 Huius
929 3061 1031 3160 ipfius
1047 3069 1099 3144 rei

10 3172 55 3297 ἑ
72 3177 202 3251 iterum
230 3174 392 3247 meminit
403 3166 442 3257 b)
455 3170 515 3247 ubi
531 3184 786 3267 argumentum
802 3172 901 3251 suum
924 3197 969 3250 ex
984 3176 1098 3276 strage

10 3340 58 3408 Κ
74 3280 254 3384 Radagailr
283 3282 495 3360 Gothorum
513 3284 606 3379 regis
624 3282 768 3378 gentilis
788 3296 913 3381 urget,
945 3308 1021 3364 uno
1039 3291 1099 3368 dle

10 3424 60 3521 Β
75 3418 156 3480 cum
184 3400 344 3472 exercitu
365 3395 481 3470 divina
502 3415 587 3490 erga
616 3394 695 3470 loos
719 3388 889 3495 suamque
908 3394 1098 3481 Ecclefiam

10 3576 54 3631 Β
76 3508 108 3585 in
130 3509 216 3586 sede
240 3506 333 3583 Petri
365 3505 588 3605 providentia
617 3507 808 3605 prostrati:
854 3501 1001 3600 „Nam
1018 3517 1100 3607 (in.

20 3603 266 3739 c3„'quit)fi
288 3618 345 3694 ille
359 3634 430 3694 tam
452 3619 583 3714 impius
602 3641 685 3694 cum
705 3622 810 3696 tantis
831 3616 959 3698 ettam
982 3626 1099 3723 impiis
1171 3711 1174 3717 ,

10 3781 51 3855 35
74 3783 94 3822 ‚‚
119 3734 241 3830 copiis
267 3729 422 3806 Romam
448 3725 565 3806 fuillet
589 3727 796 3828 ingrcllus,
842 3735 900 3808 cui
924 3721 1098 3832 pepercis-

10 3902 49 3966 a!
65 3894 93 3936 ο,
123 3845 174 3923 let
193 3844 223 3919 l
248 3841 403 3945 Quibus
427 3837 609 3918 honorem
638 3845 675 3918 in
697 3841 788 3921 loci's
813 3858 1010 3941 martyrum
1039 3845 1099 3922 de*

10 3960 46 4074 α’
687 4047 689 4051 Α
841 4001 864 4044 ,,
894 3953 1044 4045 tuliffet?

117 4057 209 4139 m,
237 4055 353 4136 vll-p.
383 4075 410 4137 3.
476 4057 510 4136 b)
532 4055 574 4122 lb.
590 4053 641 4123 lib.
663 4054 699 4123 V.
722 4077 749 4123 c.
773 4068 822 4136 23.
844 4074 875 4133 p.
895 4069 962 4130 140.
