2400 4478
89 200 175 287 rsa
454 190 598 286 Eleia
625 192 785 277 miltant
895 182 898 189 ’

99 360 147 437 de
183 354 337 449 Eccleba
374 356 444 433 dici
482 358 616 443 deberi
686 355 838 435 Perinde
875 356 953 443 eil,
998 352 1136 443 dicerer

98 472 219 557 allum
245 468 344 546 fuille
365 469 409 556 de
431 471 587 568 collegio
607 469 880 570 apostolorum.
906 467 1010 567 quod
1040 467 1137 545 ludas

81 582 246 674 loculos
275 580 459 666 babuerit,
492 606 621 681 quant:
653 582 769 664 airum
800 578 867 665 eise
895 581 941 660 de
966 576 1137 668 Ecclefia,

100 695 203 796 quod
231 698 269 769 in
296 717 335 768 ea
363 691 539 793 praeposrtl
565 696 671 777 etiam
699 694 801 776 luxui
833 691 947 768 dediti
979 690 1072 777 lint,
1103 717 1140 773 ac

98 808 255 897 avaritia
277 805 461 897 studeant3
491 804 615 905 quales
641 807 787 905 quidem
814 802 1010 902 episcopos
1031 811 1140 904 carpit

101 918 139 1001 S.
169 918 395 1017 Cyprianus,
426 920 487 1016 qui
515 917 602 992 nihil
633 917 880 994 vehementius
908 917 1138 1015 concupisce

101 1042 206 1113 rent,
226 1054 335 1129 quam
355 1046 394 1109 ut
409 1028 644 1128 eleemosynis
660 1046 695 1111 et
715 1028 966 1113 oblationibus
983 1026 1139 1115 fidelium

100 1140 329 1239 saginentur,
360 1155 395 1220 et
427 1142 648 1223 ditescerent„
707 1140 808 1223 idem,
832 1139 1075 1227 nihilominus
1107 1142 1138 1219 S

103 1250 309 1352 Cyprianus
328 1255 498 1333 acerrime
518 1253 697 1330 invehitur
720 1255 756 1327 in
776 1251 926 1351 diuites,
966 1256 1031 1353 qui
1055 1254 1140 1331 nibil

101 1365 142 1455 in
161 1389 336 1466 pauperes
358 1369 576 1464 erogabant,
609 1363 697 1441 nibil
720 1363 924 1461 offerebant
951 1365 1137 1450 adulare.

188 1524 368 1626 Exemplo
403 1529 508 1623 etiam
545 1528 719 1628 primaevae
746 1524 898 1602 ecclefiae
926 1523 1136 1628 Hierosoly-

102 1640 248 1717 mitauae
272 1639 473 1715 exstimulat
493 1638 613 1715 fideles
638 1639 671 1716 S.
696 1637 854 1737 Martyr,
887 1654 923 1715 et
952 1636 998 1717 D.
1031 1638 1135 1727 Pauli,

81 1774 191 1829 'cum
228 1751 433 1850 frequentes
469 1753 588 1850 postea
627 1775 696 1850 pro
734 1750 857 1826 eadem
895 1744 966 1850 ipsa
1000 1752 1138 1839 ecclelia

103 1862 272 1944 collect-as
311 1862 452 1936 faceret.
528 1862 586 1945 De
627 1862 784 1939 fidelium
821 1861 1071 1946 oblati-onibus
1107 1866 1137 1943 S.

104 1970 261 2050 Iustinus
287 1971 340 2049 M.
374 1976 409 2047 io
438 1974 532 2073 apol.
567 1973 611 2050 ll.
660 2031 681 2067 „
713 1974 792 2068 Qui
817 1990 959 2061 autem,
990 1978 1137 2073 inquit,

102 2141 128 2180 2,
158 2109 221 2186 per
256 2083 438 2161 facult-ates
470 2082 636 2184 poliunt,
668 2101 704 2161 et
737 2085 866 2163 volunt
890 2110 965 2186 pro
994 2090 1139 2166 arbitrio

102 2253 130 2292 „
158 2200 313 2298 quisque
341 2197 427 2284 suo,
460 2198 563 2297 quod
587 2196 710 2283 lubet,
743 2197 960 2285 conferunt,
992 2215 1031 2278 et
1065 2225 1137 2305 qua

104 2365 128 2401 „
158 2309 305 2386 collecta
335 2308 509 2396 fuerunt,
535 2311 631 2409 apud
650 2308 878 2409 praeposrtum
911 2309 983 2388 live
1011 2317 1137 2397 antisti·

101 2476 126 2516 „
157 2435 230 2497 tem
257 2421 458 2522 deponunt.
477 2479 498 2515 ,,
557 2422 591 2498 S.
621 2420 828 2509 lrenaeuso)
856 2425 954 2499 inter
981 2422 1137 2511 fidelium

102 2534 309 2612 oblationes·
340 2536 446 2610 etiam
480 2536 653 2634 primitias
686 2549 950 2621 connumerat,
1001 2554 1039 2614 et
1073 2540 1135 2621 iarn

102 2667 207 2724 antea
234 2652 339 2746 (cap.
365 2642 462 2734 18.)
489 2648 708 2723 decimarum
737 2645 961 2722 Iudaicarum
987 2655 1137 2726 mentio·

101 2783 187 2835 nem
208 2759 364 2847 faciens,
391 2758 549 2837 fidelium
572 2760 770 2856 largitatem
795 2759 906 2856 longe
924 2761 1136 2861 ampliorem

101 2869 331 2968 depraedicat.
393 2869 574 2968 Origenes
588 2867 627 2959 i)
641 2871 769 2946 eodem
789 2871 961 2970 exemplo
981 2871 1134 2961 fidelium

103 2983 370 3082 praestationem
410 3009 449 3059 ea
475 2985 556 3080 lege
587 2983 784 3069 faciendam
824 2983 909 3059 vult.
973 2984 1135 3075 Decima·

104 3116 187 3172 rum
227 3093 346 3193 pallam
390 3099 637 3171 meminerunt
673 3094 729 3171 SS
780 3093 898 3178 Patres
945 3102 1135 3198 quartist

103 3208 224 3305 quinti
242 3206 369 3286 seculi·
417 3205 712 3307 rlntiquiffimum
742 3231 845 3288 conc.
871 3208 1133 3289 Antiochenam

102 3318 201 3394 inter·
223 3319 427 3396 ordinari-os
454 3319 588 3395 reditus
614 3320 832 3403 clericorum
854 3343 883 3403 c·
918 3338 985 3414 λς.
1009 3324 1129 3415 frudun

102 3433 210 3513 etiam
236 3456 282 3508 ex
307 3436 401 3531 agris
430 3429 590 3509 Ecclesiae
620 3433 792 3517 recenset,

201 3590 467 3694 Praecipuarunr
503 3595 673 3680 urbium,
701 3593 895 3681 Romanae
935 3597 1132 3696 imprimis,

99 3704 238 3805 amplas
258 3707 456 3789 admodum
478 3707 660 3786 facultates
678 3705 780 3783 fuille
802 3703 938 3793 uecelse,
958 3712 1027 3797 est,¹
1042 3705 1132 3811 quod

97 3841 155 3908 eas
183 3825 287 3901 etlam
313 3843 376 3918 per
394 3820 606 3908 orientalem
629 3817 810 3908 ecclesiam
833 3819 1038 3909 diffundere
1062 3816 1132 3922 poi·

135 4034 231 4118 n)lib.
270 4033 318 4096 lv.
341 4055 428 4115 capp.
457 4053 504 4112 32.
533 4050 579 4136 34,
623 4033 754 4111 billum
779 4035 837 4109 Xl„
865 4037 901 4109 in,
920 3935 1083 4113 Nmset'
