2438 4470
246 249 397 326 regnam
429 220 561 318 christi
584 228 625 302 in
648 224 758 304 terris
786 250 813 303 c.
844 226 971 308 XXII.
1048 245 1125 326 τες

95 387 232 469 samos.
257 419 312 494 ep.
336 389 559 468 heresiarcha
580 391 675 491 apud
697 384 1123 485 Eustbiumu)uotatur,

86 504 186 609 falia
204 518 236 582 ei
251 507 462 602 arrogantia
474 504 587 601 snpra
608 505 746 588 madunt
764 503 872 581 elutus
891 501 966 588 &a
1008 509 1123 597 Adeo',

92 635 137 697 ut
164 619 248 694 inde
279 619 497 695 incredibilis
523 620 653 696 invidia
682 619 886 717 odiumque
923 618 1126 699 multorum

90 731 256 808 adversus
276 729 385 806 fidem
410 731 568 814 nostram
588 729 782 808 conflatura
800 728 857 805 itt.
917 729 1125 832 Zwinglius

91 841 154 920 hic
184 842 353 919 invidiam
390 865 624 920 communem
659 843 803 943 prodit-1
818 842 887 918 iliis
926 847 1123 932 omnibus,

90 955 225 1056 quibus
247 956 401 1054 dignitas
420 953 630 1034 hidrarchici
647 956 785 1032 ordinis
800 953 909 1030 exerta.
927 956 995 1041 est,
1017 976 1125 1057 atque

90 1069 275 1145 continuo
301 1065 487 1167 plenisque
519 1071 644 1146 ‘buccis
672 1069 824 1151 vilium,
856 1082 892 1142 et
923 1064 1123 1168 pauperum

90 1178 302 1279 exemplum
330 1179 584 1280 apostolorum
609 1185 846 1284 ingeminant.

178 1314 287 1408 Quos
319 1312 482 1392 Christus
511 1311 603 1386 misit
637 1309 886 1408 apostolorvm
915 1309 1123 1388 uniuersum

90 1427 272 1506 mundum
302 1426 346 1502 ad
375 1425 641 1525 praedicandum
674 1419 937 1516 Evangeiium,
970 1445 1031 1496 eos
1055 1424 1125 1500 uti-

89 1563 164 1641 que
196 1553 414 1616 exoneratos
439 1533 506 1611 effe
532 1535 698 1630 oportuit
724 1556 843 1608 rerum
871 1532 1049 1632 prurientis
1076 1536 1126 1627 fe.

67 1649 164 1730 'culi
199 1651 353 1733 sarcina,
383 1671 471 1750 quas
505 1642 738 1722 circumferre
770 1649 1025 1744 nequiverant3
1064 1647 1123 1725 sed

87 1784 168 1839 non
201 1759 461 1861 consequitur,
489 1783 551 1832 eus
573 1759 715 1834 'idcirco
736 1759 937 1834 mendicare
968 1759 1122 1848 vidium,

88 1888 155 1951 aut
179 1896 316 1972 egenos
337 1867 405 1947 effe
424 1866 596 1956 debuiffe,
629 1893 720 1975 quos
737 1869 825 1944 nihil
847 1870 1019 1948 sollicitos
1042 1894 1124 1947 orn-

92 1986 187 2060 nino
217 1983 261 2059 de
287 1982 341 2060 his
358 1984 463 2059 rebus
501 1980 568 2059 effe
596 1982 719 2057 voluit.
776 1980 937 2084 'Quaerite
960 1987 1122 2081 primam

91 2117 246 2191 regnum
276 2093 321 2180 b)
354 2092 445 2182 Dei,
484 2097 553 2180 ait,
592 2105 625 2168 et
662 2091 831 2179 iuditium
866 2099 962 2172 eius:
990 2107 1023 2170 et
1054 2095 1124 2172 hnc

88 2209 211 2286 amnia
224 2208 445 2284 adiicienturz
477 2205 550 2284 Illis
563 2230 733 2307 quoque,
748 2209 809 2307 qui
827 2206 884 2282 fua
899 2207 1122 2309 reliquerint,

90 2320 305 2420 centuplum
330 2322 367 2394 in
386 2319 460 2396 hoc
482 2322 587 2395 etiam
614 2318 732 2395 adhuc
756 2319 898 2404 seculo,
931 2336 968 2396 et
998 2323 1035 2396 iu
1065 2319 1083 2396 f
1106 2368 1123 2385 -

88 2444 178 2509 turo
199 2436 306 2507 vitam
328 2448 495 2508 aeternam
520 2427 628 2506 solito
648 2431 711 2505 fua
734 2430 871 2508 adiedo
892 2435 1121 2521 iuramento,

88 2545 204 2623 Amat
226 2543 301 2618 dico
327 2540 428 2619 vodis
453 2539 526 2627 &a
586 2539 770 2642 promifit,
801 2536 984 2642 quarente
1000 2541 1035 2631 c)
1058 2543 1124 2620 Pe-

89 2668 179 2742 tro,
224 2679 299 2754 quo
344 2654 596 2730 emolumento
641 2654 765 2730 cundia
808 2653 1121 2754 relinquentibus,

88 2769 198 2868 seque
230 2767 459 2867 {equentibus
489 2765 654 2841 iatiuram
684 2769 852 2843 omnium
878 2765 927 2841 sui
948 2765 1046 2842 causa
1072 2765 1124 2844 fa·

87 2881 253 2957 ciendam
287 2876 493 2955 resarciret?
549 2875 590 2954 ln
621 2879 733 2976 prima
770 2877 1019 2976 apostolorum
1041 2879 1122 2956 mif-

84 2990 187 3068 fione
212 2989 259 3080 d)
291 2988 382 3066 iuffit
413 2989 578 3093 quidem:
620 2985 744 3064 Nolite
763 2987 927 3086 poffidare
956 3013 1086 3067 aarum
1103 3046 1118 3079 ,-

86 3125 199 3200 neque
218 3114 425 3197 argentam,
456 3124 565 3197 neque
580 3103 764 3197 pecuniam
790 3104 829 3177 r'n
866 3105 969 3180 zonis
986 3102 1121 3189 andria

85 3239 198 3311 neque
223 3229 348 3312 param
378 3217 419 3289 in
455 3216 541 3300 via,
568 3236 678 3308 neque
706 3213 790 3288 dnus
827 3220 984 3303 tunicas,
1015 3238 1125 3313 neque

88 3317 342 3413 calceamenta,
374 3349 481 3422 neque
510 3328 678 3422 virgam:
710 3325 838 3422 dignus
863 3324 906 3414 eii
931 3331 1025 3404 enim
1045 3345 1122 3424 ope-

88 3443 212 3517 rarius
235 3437 308 3514 riba
323 3437 401 3534 sna.
460 3438 521 3515 Sic
543 3442 654 3536 igitur
676 3462 739 3515 eos
760 3456 953 3542 promptos
974 3440 1123 3517 reddere

88 3567 127 3628 et
160 3552 289 3631 alacres
323 3551 441 3628 voluit
472 3552 587 3627 ituros
624 3549 815 3650 aiiquando
848 3556 883 3629 in
918 3548 1122 3630 uniueriurn

86 3665 272 3756 mundum
289 3668 393 3739 omni
418 3684 501 3738 cura
530 3665 722 3762 temporati
746 3664 878 3759 liberas
896 3681 932 3740 et
954 3662 1121 3749 secutor,

89 3793 204 3882 prout
228 3775 358 3852 eisdem
386 3778 521 3869 remia
548 3779 765 3852 memoriane
787 3775 1022 3864 revocante)
1042 3788 1123 3850 ante

129 3993 165 4072 a)
182 3992 218 4054 H.
240 3990 272 4058 E.
303 3989 350 4052 tib.
369 3989 432 4052 VH.
453 4011 477 4054 c.
500 3884 578 4070 30.L
591 3907 737 4068 bfffflattit
756 3991 818 4055 ,vt
842 3996 871 4072 c)
892 3991 984 4056 Marc.
998 3883 1122 4065 Xfaz.
1177 3974 1180 3979 ¹

171 4080 208 4153 d)
230 4073 337 4138 Marte
362 4073 401 4136 X.
429 4094 455 4150 9.
501 4078 535 4152 e)
563 4074 632 4138 Izac.
658 4076 759 4139 xxtt.
796 4093 844 4153 ῖς.
