2400 4478
253 231 409 309 regnum
439 204 569 300 christi
595 209 636 286 in
663 203 783 286 terris.
813 193 925 285 0:11.
1088 212 1116 300 3

78 377 187 462 nem.
229 371 381 452 assecuta
417 366 519 451 fuiise
543 369 612 448 nisa
642 370 713 456 est,
770 391 860 469 gens
888 363 1006 444 invida
1040 386 1118 448 non

80 510 171 574 nna,
206 486 441 585 multiplicata
463 481 617 568 succeffu
633 485 839 581 temporis,
887 483 925 558 aa
954 478 1120 578 ampliata

76 596 316 698 anrefignanis
342 595 617 695 Albigensrbus,
646 591 932 681 Waldenfiboa,
963 590 1125 672 Wiclef-

77 712 163 798 fitis,
209 707 379 796 Huffitis,
429 711 466 785 da
497 731 625 786 eorum
664 705 916 795 sedatoribus,
960 701 1125 788 Ecclefiae

80 823 267 902 catholicae
285 824 473 900 interitum
496 819 745 909 minantibus,
783 834 891 922 atque
915 815 1122 923 apostaiiana

80 935 420 1038 improperantiboa

154 1094 215 1176 Ex
242 1092 635 1175 nostrisvicifflmnon
667 1094 842 1188 deerant,
873 1099 935 1199 qni
960 1095 1125 1195 <uttan

82 1211 243 1290 chimnm
271 1210 351 1285 abb.
392 1207 534 1286 silentio
570 1223 804 1309 praeteream,
858 1213 915 1287 cui
945 1209 1125 1310 supposita

83 1325 179 1410 funt,
225 1345 307 1422 quaa
337 1321 667 1407 circumferuntur,
717 1318 917 1411 vaticinia)
956 1325 1127 1424 prospera

84 1435 339 1512 ominabantur
377 1434 421 1508 ad
452 1448 613 1512 veterum
651 1432 907 1511 cottianorum
942 1450 1128 1516 mentem&

84 1549 193 1626 relnti
216 1545 270 1623 lo.
284 1543 516 1623 Viterbieniis
538 1542 713 1645 praeciflus
732 1569 775 1621 ac
792 1543 974 1644 iignanter
991 1561 1133 1628 annunt

88 1672 158 1752 148
171 1682 204 1736 r.
230 1648 437 1755 designabat
454 1714 463 1742 ‚
496 1657 604 1734 Sixto
622 1655 686 1733 IV.
706 1653 746 1761 P.
762 1652 875 1755 snper
893 1652 1030 1757 Apocal.
1045 1657 1133 1759 pola

84 1771 203 1848 licitus
221 1770 407 1847 vidoriam
424 1769 615 1854 aTurcis‚
640 1772 881 1872 omniumque
901 1769 1128 1851 ecclesiarum

85 1883 331 1960 obedientiam
346 1885 410 1960 sub
426 1878 595 1960 Romano
607 1879 806 1968 Ponti-fiee,
836 1898 944 1982 atque
952 1881 1130 1983 infignem

85 1992 247 2073 Ecclesia
273 1992 430 2069 formam
464 1992 565 2071 mille
589 1995 690 2069 annis
717 1994 935 2072 duraturam.
993 1997 1130 2077 Audet

85 2106 194 2194 iibri,
225 2108 288 2183 cni
310 2105 462 2182 titulus:
496 2105 593 2180 Onus
617 2103 714 2181 Ercle
725 2128 790 2194 nr,
822 2109 857 2182 in
878 2106 1030 2185 eandem
1054 2106 1133 2187 sen-

87 2223 236 2297 tentiam
266 2241 297 2294 c.
327 2230 390 2294 62.
419 2217 596 2316 triplicem
622 2217 808 2317 distinguit
837 2218 970 2298 Christi
998 2217 1134 2299 adven-

88 2346 200 2408 tom:
242 2333 407 2430 primunr
447 2332 484 2405 in
516 2353 649 2421 carne,
691 2329 839 2430 quando
868 2330 985 2409 homo
1020 2332 1135 2412 nous

88 2445 229 2521 mundo
252 2444 441 2540 apparuit3
470 2441 623 2518 alterum
648 2443 766 2518 statuit
795 2446 832 2520 in
859 2446 992 2520 virtute
1013 2446 1051 2521 δι
1084 2447 1137 2523 ef·

86 2556 207 2634 ficacia
239 2552 411 2652 spirituaii
441 2554 484 2629 ad
523 2553 811 2632 interficiendum
849 2554 1134 2648 Antichristum,

88 2690 323 2767 regnumque
354 2665 485 2744 Christi
509 2668 545 2741 in
576 2670 678 2742 terrie
707 2667 996 2755 instaurandum,
1032 2671 1136 2768 quod

88 2782 193 2857 stabit
224 2779 340 2878 nsque
360 2777 407 2853 ad·
441 2780 585 2855 tertium
612 2777 719 2876 ipsrus
750 2779 944 2857 adventum
972 2785 1008 2857 in
1039 2780 1138 2862 finali

91 2894 241 2970 iudicio(
272 2887 417 2988 Scripsrt
437 2894 542 2964 etiam
562 2945 576 2975 ,
604 2905 644 2965 nt
663 2890 752 2965 aiios
765 2908 927 2978 taceam,
958 2892 1137 2974 Nicolaur

92 3006 131 3081 de
167 3002 270 3082 Cosa
308 3001 406 3080 card
435 3001 678 3078 conieduram
710 3002 839 3080 eodem
868 3004 932 3081 sec.
970 3001 1059 3084 XV.
1090 3005 1137 3085 de

94 3113 294 3195 noviffimis
332 3114 487 3200 diebos,
528 3113 714 3191 vitioriam
739 3115 784 3192 de
812 3115 1031 3194 Antichristo
1057 3120 1141 3218 post

95 3253 229 3308 annum
264 3249 385 3319 1700..
418 3240 581 3303 antean.
617 3245 730 3318 ¹734·
764 3225 960 3305 collocans:
991 3231 1072 3328 post
1095 3231 1141 3310 il·

96 3342 153 3419 iud
182 3359 331 3440 tempos
360 3351 482 3414 antem
512 3335 751 3415 ascenfionem
786 3335 946 3417 Ecclefiae
979 3341 1140 3421 futuram

97 3454 162 3533 rise-
200 3451 354 3533 Christo
394 3449 527 3548 sponso
550 3451 764 3528 adveniente
781 3450 825 3532 ad
859 3451 1054 3544 indicium,
1080 3454 1140 3534 sed

98 3570 278 3644 neminem
318 3561 490 3638 sciturum
530 3563 739 3640 adventum.
795 3562 896 3640 Alios
934 3567 1147 3668 complures

100 3681 168 3756 abb.
204 3677 399 3762 Caimetus
424 3677 462 3748 in
487 3670 617 3751 differt.
643 3673 695 3750 da
721 3673 934 3764 Antichristo
960 3677 1005 3756 Τ.
1039 3677 1141 3757 Vllr.

102 3803 275 3869 comment.
296 3790 338 3863 in
355 3785 389 3860 8.
409 3784 535 3882 Scripr.
567 3783 751 3876 recenset,
783 3792 844 3889 qni
871 3787 1088 3867 Antichristo
1101 3790 1161 3873 dt.

102 3899 405 3989 consummationi
432 3897 540 3978 seculi
572 3916 711 3978 certum
742 3899 1027 3992 determinarunt
1050 3913 1152 3984 tems·

556 4011 612 4122 'A
640 4033 666 4096 a
987 4035 1091 4117 nun³
