2400 4478
144 208 227 292 276
506 192 650 288 Ecclefio
677 197 838 278 militant

142 376 247 441 motu
266 354 446 456 fatigatam
461 360 497 432 in
514 359 546 434 se
561 361 629 456 ipsa
643 366 882 439 marcituram.
923 418 947 456 ‚,
965 359 1088 444 Cuius
1102 389 1167 470 pro·

139 530 163 570 „
191 474 319 573 phetiae
333 474 351 566 (
365 470 482 546 subdit
498 471 533 547 S.
562 471 793 570 Gregorius)
807 475 975 575 mysteria
992 482 1103 557 nobis
1118 488 1165 561 ian

141 644 163 682 „
192 587 277 661 satia
298 583 379 658 sunt
394 582 476 658 soce
487 583 660 669 clariora,
690 592 751 685 qui
770 590 807 660 in
824 588 888 662 hac
904 592 1000 666 urbe
1019 593 1163 675 dissolvit

140 756 162 794 „
193 697 349 779 moenia,
383 693 516 769 eversas
529 697 685 783 domus,
712 699 1094 783 destruttasecciesaas
1115 726 1163 785 tur·

139 868 161 904 „
189 809 488 894 bineceruimus,
515 813 665 907 eiusque
677 808 821 885 edificia
836 811 962 909 longo
976 815 1083 895 senio
1095 819 1160 896 sassa

135 976 160 1016 „
187 937 245 1005 ta,
284 920 365 1018 quia
394 921 504 995 ruinis
537 922 839 1016 crebrescentibus
876 927 1153 1024 prosternantur,

135 1090 158 1129 ,,
187 1033 389 1123 videmus,

220 1189 280 1275 De
296 1207 461 1295 tempore
477 1189 642 1296 loquitur
664 1194 698 1275 S.
720 1192 958 1296 Gregorius,
991 1206 1155 1309 postquru

133 1305 283 1395 Narses,
315 1311 377 1408 qui
400 1308 536 1385 italiam
559 1308 713 1396 Gothis,
743 1311 836 1387 visto
863 1305 1022 1406 Totila,
1051 1324 1155 1397 iterun

134 1423 332 1524 eripuerat,
352 1422 530 1506 irritatus,
563 1420 714 1521 satisque
732 1421 887 1501 Belisarii
915 1428 1158 1508 territusLon·

131 1535 315 1634 gobardos
331 1559 352 1609 e
369 1531 550 1610 Pannonia
578 1531 810 1612 advocaverat
834 1537 897 1612 sub
927 1534 1062 1619 Iustino
1079 1546 1152 1641 imp.
1187 1561 1190 1606 v

50 1666 52 1670 '
129 1644 307 1727 aCosroe
319 1643 499 1722 Persarum
513 1666 610 1745 rege,
628 1647 715 1747 (qui
734 1650 769 1722 in
782 1645 1011 1746 religionem
1023 1653 1150 1733 christia·
1185 1668 1190 1718 ¹

131 1784 214 1836 nam
234 1760 351 1833 dirum
368 1759 402 1832 in
420 1758 572 1835 modum
603 1762 779 1845 saevierat,
807 1761 996 1865 aususque
1021 1768 1067 1844 est
1081 1760 1149 1846 Coi.

129 1892 195 1947 roe
225 1871 286 1944 iste
317 1888 385 1968 pro
416 1872 512 1967 pacis
545 1872 758 1973 conditione
804 1872 964 1953 statuere
1006 1872 1148 1957 Heraclio
1188 1908 1190 1937 v

128 1980 305 2060 christiani
319 1981 477 2055 nominis
492 1984 727 2057 eiurationem
741 1977 781 2074 ,)
796 1980 883 2082 sepe
895 1987 1067 2068 devicto:
1083 1990 1148 2081 duat
1186 2004 1190 2054 ¹

128 2114 296 2199 praererea
328 2089 520 2169 Orientem
543 2093 643 2168 Avari
659 2111 693 2171 et
715 2093 880 2172 Saraceni
896 2103 1069 2204 undique
1083 2104 1147 2181 ius·
1187 2090 1190 2165 i

127 2211 239 2292 stant,
272 2226 337 2280 neo
352 2206 565 2302 permittunt
578 2198 770 2297 Occidenti
791 2204 1032 2305 succurrere,
1062 2231 1145 2317 atque
1187 2228 1190 2279 ²

125 2316 289 2395 initalia
319 2319 375 2391 vix
405 2313 521 2392 Roma
546 2312 675 2394 servata
699 2320 747 2394 est
768 2335 802 2393 et
837 2314 1031 2405 Ravenna.
1088 2317 1146 2407 Pus

55 2415 56 2418 ¹
124 2428 312 2508 Tiberium
330 2428 460 2504 tanden
477 2425 596 2505 lustin‘i
616 2428 656 2506 ll.
679 2425 912 2508 successorem
941 2461 1033 2518 cum
1064 2440 1144 2519 Mau·
1189 2512 1190 2529 ,

105 2546 226 2626 ,titius
246 2545 449 2642 imperator.
476 2541 519 2616 de
543 2536 650 2618 Persis
677 2541 815 2620 assiduis
834 2537 1001 2627 Romani
1027 2549 1141 2655 imperis
1188 2541 1190 2597 t

120 2655 281 2732 hostibus
311 2652 438 2730 multas
457 2669 656 2754 reportaret
681 2654 862 2742 vitiosius,
892 2683 937 2736 ac
964 2657 1094 2745 Franci
1110 2682 1141 2743 et·

121 2771 189 2844 iarn
207 2748 477 2870 Longobardos
513 2766 701 2866 fatigarent
727 2763 902 2856 initalia,
938 2774 1143 2878 aliquamdiu

119 2878 296 2980 respirasse
312 2879 426 2955 Roma
449 2876 513 2953 visa
531 2881 598 2963 est,
630 2878 685 2954 sed
708 2898 795 2954 mort
815 2884 985 2964 iterurna
1008 2889 1143 2991 Longo·
1189 2963 1190 2989 χ

118 2993 234 3068 bardis
257 2986 476 3067 Francorum
495 2990 717 3066 devitiorum
745 2991 877 3069 timore
895 2993 1053 3092 solutis,
1083 3024 1143 3103 prs·
1188 3042 1190 3050 ¹

116 3110 228 3181 mitur
254 3106 355 3178 omni
379 3103 450 3178 sere
469 3102 631 3200 praefidio
648 3120 778 3197 vacua3
809 3104 896 3181 dum
922 3108 1142 3194 interimEv·
1185 3180 1190 3231 ι

115 3218 242 3292 archus
271 3215 454 3294 Ravennae
480 3212 540 3290 etsr
568 3213 664 3290 bello
688 3216 851 3312 gerendo
868 3215 1017 3319 impar,
1053 3227 1138 3306 uti
1185 3269 1190 3347 t

49 3314 52 3319 ¹
116 3326 319 3427 Gregorius
342 3320 379 3414 a)
399 3329 580 3427 queritur,
612 3327 754 3403 lucrum
775 3352 819 3402 ex
836 3327 999 3429 publicis
1018 3337 1141 3418 calami·
1182 3403 1190 3455 ἃ

114 3445 244 3520 tatibus
262 3455 430 3539 captans,
454 3444 528 3536 paci
548 3453 632 3514 toto
646 3437 720 3515 nisu
737 3457 939 3540 repugnat,
965 3461 1149 3553 atquem
1181 3492 1190 3567 b

112 3580 220 3657 quana
242 3553 360 3651 portes
386 3550 479 3627 idem
499 3546 534 3637 S.
568 3547 742 3665 Pontisers
760 3575 843 3635 cunr
864 3550 1136 3658 Longobardis.

110 3668 287 3748 Etruriam
301 3663 568 3746 obtinentibus,
586 3663 737 3748 fecerat,
756 3668 1041 3753 temereviolata
1056 3670 1134 3759 esset,

108 3799 150 3864 ut
162 3803 279 3860 amare
294 3772 399 3856 deflet
415 3771 453 3867 b)
469 3775 554 3880 *ipse
564 3774 608 3853 ad
623 3774 835 3856 olrannum
854 3778 944 3884 imp.
968 3784 1134 3874 scribens,

928 3903 1094 3982 atrocius

101 4090 103 4096 ’
146 4093 179 4170 a)
202 4087 265 4154 Lib.
287 4085 323 4154 is.
348 4105 394 4168 ep.
412 4084 463 4163 46.
527 4075 561 4166 i)
583 4072 646 4149 tib.
671 4068 704 4148 V.
734 4099 780 4164 ep.
804 4071 854 4157 ro'.
902 4130 905 4134 -
