2400 4478
220 238 369 318 regnum
397 210 541 316 carnii·
555 223 595 300 in
620 223 741 301 terris.
754 243 782 303 c.
804 210 967 304 XXVII.
1032 242 1110 319 oar

75 404 218 464 aerum·
239 386 354 462 etiam.
368 381 523 474 Orosro,
553 384 756 463 uteandem
780 386 831 465 ob
846 386 985 464 causam
1006 384 1115 463 hillo·

81 500 176 576 riam
200 493 296 575 suam
318 495 505 583 scriberet,
542 496 757 576 autiotfuit
787 495 956 577 ExstatS.
988 498 1123 595 Augu-2

83 609 168 687 stini
189 608 286 706 epist.
302 626 391 698 232.
410 606 455 687 T.
472 607 515 687 ll.
545 630 579 711 p.
598 621 688 703 841.
703 610 748 687 ad
765 606 1016 689 Madaurenses
1031 610 1115 686 ido·
1154 666 1161 671 -
1191 697 1193 701 ἱ

82 720 252 804 lolatras,
298 742 390 822 quor
409 719 647 798 nihilomiuus
667 720 812 810 fratres,
843 723 920 800 imo
950 735 1115 825 patenter

84 831 167 910 suos
184 830 356 931 appellat,
378 835 461 932 quia
479 830 573 932 apud
588 856 651 911 eos
669 825 887 912 literaturam
904 843 941 910 'et
960 832 1115 911 oratori·

81 967 140 1020 am
175 958 287 1019 artem
335 943 540 1029 didicerat,
596 957 637 1022 ut
668 944 734 1027 lib..
759 942 803 1026 ll.
834 966 864 1020 c.
899 963 932 1034 3.
962 941 1109 1022 consess
1160 973 1162 978 ¹

80 1058 271 1132 meminit:
307 1077 444 1154 quosue
465 1053 637 1134 adsidam
666 1056 776 1134 allicit
795 1057 844 1134 ob
866 1053 997 1134 oculus
1017 1051 1113 1155 posi·

78 1169 128 1245 tis
155 1165 233 1242 fatis
266 1166 470 1247 ludaeorum
509 1184 546 1245 et
575 1169 791 1267 gentilismi,
832 1189 911 1268 quae
932 1163 1114 1266 Jeriplura

78 1279 214 1357 divina
232 1335 241 1354 .
265 1337 274 1356 .
291 1333 299 1356 .
316 1290 397 1356 unte
412 1276 604 1380 litigifflmo
620 1289 777 1376 temporo
786 1275 919 1379 futuro
936 1271 999 1378 effe
1014 1271 1113 1364 reflo-

77 1402 124 1467 ιιι
153 1386 243 1481 sunt.
303 1389 423 1485 Quod
447 1392 542 1469 idem
574 1389 638 1477 hic,
661 1391 768 1468 uobis
799 1389 848 1467 est
883 1384 1111 1488 propofltunr

75 1513 375 1596 argumentum..
410 1524 455 1579 ex
489 1517 588 1603 parte
623 1500 889 1580 demonstrandi
923 1496 1113 1579 Ecclesiam

78 1612 297 1690 militantem
318 1635 473 1709 regnum
500 1611 631 1695 christi
660 1615 698 1689 in
725 1615 827 1691 terris
860 1610 1004 1690 exsertis
1032 1630 1113 1686 mo·

78 1720 237 1801 narchiae
256 1719 482 1803 Romanuin
503 1721 791 1823 scriptoriaV.er
814 1723 862 1804 N
895 1720 1114 1802 Testamenti

78 1836 337 1939 praenuntiatis,
356 1835 742 1937 moxpersecoturiea,
762 1844 841 1937 quae
857 1831 1111 1934 Romampro·

80 1949 164 2047 pius
183 1947 347 2025 attinent
379 1945 550 2025 Divinam
578 1958 689 2035 reto,
717 1969 824 2050 quarn
843 1960 1053 2047 praematura
1072 1957 1111 2023 et

82 2058 217 2154 tragica
229 2072 347 2135 morte
364 2056 494 2156 singuli
506 2061 644 2158 experti
658 2063 740 2138 sunt
757 2058 933 2137 ultionem
943 2048 1111 2148 Ecclefiae

79 2167 699 2273 persecutoresliomaedebellatricis
713 2170 928 2256 sauciorum,
936 2165 1111 2267 lingulati

68 2274 175 2358 ¹libro
200 2279 402 2379 persecutus
427 2280 475 2361 esi
494 2279 693 2362 Lassantius
709 2282 751 2361 de
765 2279 937 2359 mortibus
950 2276 1110 2400 persecu-

76 2403 210 2469 torum.
268 2391 416 2487 Quibus
433 2390 646 2473 lulianum
636 2397 777 2494 iungit,
808 2395 961 2471 brevitet
979 2392 1108 2470 eorum

77 2506 230 2591 nomina
261 2502 379 2580 saltem
409 2504 650 2585 receumenss
683 2504 956 2605 Hieronymus.
979 2505 1015 2580 in
1048 2502 1109 2581 illa

77 2613 231 2696 Zachar.
263 2596 370 2696 XIV.
403 2616 527 2694 verba.
559 2629 593 2692 et
608 2615 678 2693 aaa
698 2619 769 2694 erit
783 2613 910 2714 plaga,
946 2626 1111 2710 quoper·
1185 2683 1187 2688 .

77 2729 188 2806 turiei
214 2723 388 2806 Dominus
418 2750 533 2804 omenes
560 2739 721 2827 gentes,
761 2751 833 2826 quae
854 2732 1110 2824 pugnaverunt

77 2836 248 2936 adversus
263 2835 503 2934 Ierusalem,
493 2853 540 2918 ιιι
558 2838 864 2918 commentando:
893 2834 1014 2930 „Hac
1034 2833 1108 2939 pass

75 3006 100 3045 „
127 2950 184 3030 sos
206 2974 280 3026 non
296 2947 363 3029 esse
378 2948 586 3039 Romanos,
617 2948 656 3043 a)
677 2953 740 3054 qui
762 2948 946 3030 Ierusalem
965 2948 1108 3028 subter·

75 3119 100 3157 „
129 3077 272 3150 terunt,
303 3063 438 3144 cuuslis
456 3061 681 3164 perspicuum
699 3062 770 3142 ess:
800 3058 863 3144 nisi
883 3060 978 3142 sorte
1000 3058 1108 3141 ludaei

74 3230 100 3270 ‚‚
130 3172 205 3250 illas
231 3171 574 3253 nationesaiierunt
599 3172 840 3274 perpessuras,
878 3197 958 3278 qua
981 3189 1108 3250 contra

73 3342 98 3380 „
125 3309 267 3366 auream
284 3304 320 3365 et
339 3301 557 3390 gemmatam
574 3283 763 3368 Ierusalem
777 3285 860 3365 sunt
871 3287 1104 3378 dimicaturae:

72 3421 198 3492 „noe
226 3412 345 3476 autern
373 3397 533 3478 dicemus
543 3453 555 3497 ,
587 3421 716 3479 omues
738 3398 1013 3500 persecutorem
1041 3395 1107 3500 qui

73 3509 337 3604 „afflixerunt
366 3505 554 3592 Ecclesiam
575 3508 751 3599 Domini,
767 3523 824 3597 ut
850 3526 1029 3590 taceamus
1060 3509 1106 3587 de

72 3621 258 3733 „suturis
276 3623 510 3709 cruciatibus,
541 3625 648 3700 etiam
675 3625 712 3702 in
738 3621 898 3727 prasenti
917 3619 1035 3702 seculo
1055 3641 1109 3697 re·

72 3787 98 3830 „
128 3731 283 3834 cepisse,
312 3757 391 3837 quae
412 3733 570 3814 iecerint.
600 3730 782 3834 Legamus
797 3731 1039 3816 ecclefiaslrces
1049 3726 1105 3809 ln

72 3898 99 3943 „
130 3845 282 3929 storias:
322 3844 410 3952 quid
442 3844 677 3937 Valerianus,
707 3845 796 3954 quid
824 3842 1003 4038 Decius13
972 3839 1104 3942 ,quid

992 3975 1049 4031 ro·

117 4058 212 4142 a.)·r
237 4059 287 4127 ιιι.
312 4079 341 4145 p.
369 4071 456 4146 ura
525 4057 528 4068 ·
900 4006 924 4050 ¹'
