2400 4478
129 247 211 325 150
443 221 607 325 'Ecchflu
628 221 789 309 militans
851 336 861 348 ἱ

127 391 297 471 dentibus
316 389 533 488 virginibus,
551 391 742 467 commixti
762 386 950 475 sistuntur,
964 386 1156 466 autinrita-

128 517 189 580 tus
211 503 255 580 ad
279 505 443 600 nuptias,
474 502 547 578 sine
566 503 660 580 velie
684 499 832 601 nuptiali
859 499 1105 576 detrudendus
1125 503 1156 576 in

127 618 291 692 tenebras
317 617 530 700 exteriores,
573 637 653 713 quae
679 611 724 689 de
747 611 812 695 illu
840 635 956 710 regno
973 611 1158 688 beatitudi.

127 731 184 804 nis
210 726 280 802 dici
300 728 454 801 omnino
478 750 553 806 non
581 723 735 824 possunt.
794 719 913 808 Porro
940 721 1157 801 animadver-

127 850 204 917 tere
237 837 318 913 licet
350 839 386 911 iii
423 852 518 913 tanta
552 853 655 918 atate
693 852 823 938 totque
863 834 1072 914 seculorum
1104 835 1158 913 de·

126 947 258 1036 cursu,
309 947 520 1026 millenarias
551 947 724 1048 quasdam
754 945 993 1046 catastrophas
1022 961 1095 1024 tani
1125 951 1156 1024 in

125 1058 208 1159 ipsis
231 1062 412 1160 imperiis,
444 1058 613 1140 Romano
642 1060 798 1160 profano
832 1058 958 1164 gentili
983 1061 1155 1158 primum,

127 1171 210 1247 dein
238 1174 275 1246 in
296 1172 533 1259 occidentali,
564 1190 601 1250 et
622 1171 789 1254 orientali
822 1170 1054 1256 Christiano,
1088 1170 1158 1248 Ma»

126 1280 335 1360 humedann
366 1287 477 1369 item,
522 1307 631 1385 quani
662 1285 768 1360 etiam
802 1280 841 1363 ¹iii
874 1282 943 1382 ipsa
975 1282 1157 1362 ecciesiae

126 1394 196 1477 suis
218 1395 443 1477 incunabulis
459 1392 819 1498 Hierosolyuiitanis,
848 1394 997 1495 quando
1009 1394 1157 1471 imbellis

125 1512 287 1609 primum
312 1508 484 1611 paulatim
501 1508 680 1594 adolevit,
711 1509 939 1604 tingentibus
955 1506 1060 1582 inferi
1082 1529 1158 1606 por·

127 1622 191 1704 tis,
237 1635 391 1722 totoque
419 1633 595 1702 terrarum
629 1620 721 1705 orba
748 1642 833 1699 cuui
860 1619 1034 1701 omnibus
1058 1616 1155 1696 seculi

126 1733 364 1837 potestatibus
384 1731 601 1834 adversante.

78 1937 86 1953 ·
212 1886 269 1967 Eo
284 1905 405 1971 autem
422 1891 584 1978 collimat
602 1890 817 1993 Apocalyps
819 1918 835 1968 s
853 1891 891 1972 S.
905 1890 1074 1978 loannis,
1102 1901 1153 1977 ut,

126 2000 331 2107 postquam.
344 2005 468 2102 primis
491 2018 647 2105 quatuor
677 2006 891 2105 capitibus
882 2029 917 2082 iii
946 2002 1081 2103 septem
1099 1998 1194 2101 Eo

125 2111 309 2194 elesiarum
335 2113 422 2193 Afiae
451 2117 585 2215 angelis
610 2117 654 2193 ad
685 2141 840 2215 regnum
873 2115 1044 2193 Christi
1034 2139 1069 2192 iii
1095 2130 1153 2190 ter·
1188 2106 1194 2189 l

125 2228 174 2307 ris
189 2225 401 2308 militantem
420 2225 611 2305 Ecclesiam
631 2227 831 2307 hierarchas
850 2225 1072 2313 instituisset,
1089 2225 1153 2303 sex·

124 2336 242 2416 decim
283 2341 460 2440 proximis
489 2341 666 2440 capitibus
703 2339 774 2422 fata
811 2338 967 2421 eiusdem
1006 2334 1153 2417 Ecclesia

119 2449 256 2539 ‚reserat
279 2464 316 2527 et
337 2456 558 2540 certamina,
606 2453 767 2534 vitiosus
792 2467 826 2529 et
856 2450 1064 2551 triumphos
1092 2470 1152 2523 nie·

126 2559 201 2639 dias
239 2564 333 2640 inter
361 2567 651 2647 concertationes
689 2587 772 2643 cuni
798 2564 971 2645 hereticis
996 2576 1037 2640 et
1062 2556 1190 2641 schis·

124 2676 282 2762 usaticis,
330 2675 621 2775 persecutiones,
670 2689 853 2755 tormenta
883 2690 918 2753 et
948 2676 1110 2757 mortes.
1134 2682 1185 2744 a
1180 2720 1184 2763 4

76 2784 81 2791 '
125 2783 307 2864 christiani
346 2791 504 2864 nominis
536 2789 694 2865 hostibus
727 2786 866 2872 illatas,
917 2790 954 2866 in
995 2786 1069 2866 hoc
1097 2772 1184 2863 sibi¹

124 2903 353 2998 nequaquam
391 2899 654 2981 adversantibus
677 2898 885 2985 Pastorinii,
925 2913 961 2974 et
982 2895 1182 2978 Rosluetlii
1179 2812 1194 2943 3

126 3029 207 3106 quae
236 3007 319 3090 sunt
352 3014 531 3111 praecipua
556 3011 827 3112 systematibus:
874 3033 941 3088 nec
965 3008 1056 3087 illud
1079 3007 1146 3085 huic

125 3118 309 3219 derogat,
366 3125 468 3228 quod
503 3138 576 3203 tani
611 3122 796 3222 insigniter
830 3124 934 3198 nobis
975 3118 1145 3200 Ecclesiam

124 3230 339 3310 militantem
377 3257 533 3334 reguum
567 3234 738 3316 Chrilli
728 3260 764 3311 in
797 3235 899 3312 terris
921 3233 1145 3338 representat

124 3343 273 3442 eiusque
302 3345 488 3436 rislorias,
532 3350 664 3448 quibus
696 3347 844 3428 denua
862 3344 982 3450 Roma
1016 3344 1142 3423 domina

124 3456 276 3542 muudi,
324 3457 487 3587 suscepto
518 3457 716 3558 Evangelio
736 3459 831 3540 sada
845 3459 894 3539 est
923 3473 1034 3558 caput
1060 3450 1194 3553 regul

124 3565 293 3644 Christi
283 3593 320 3645 iii
349 3573 479 3657 terris,
531 3574 797 3675 imperiumque
822 3569 1033 3652 Romanum
1066 3565 1143 3647 sedet
1183 3587 1194 3636 r

122 3678 312 3777 religionis
337 3680 555 3771 christianae,
583 3683 767 3770 catholice
794 3680 954 3762 Ecclesiae
980 3676 1143 3761 militantis

123 3814 190 3892 per
226 3794 352 3871 orbem
381 3796 419 3869 in
457 3797 723 3873 communione
754 3792 913 3873 Ecclesia
947 3794 1142 3873 Sanctorum
1176 3802 1194 3863 lt

1180 2748 1194 2809 t

127 3904 385 4009 triumphantis
405 3909 443 3985 iri
463 3906 582 3997 coelo,
627 3925 669 3986 ut
695 3905 797 4010 supra
823 3930 898 4008 cap.
914 3902 967 3985 X.
999 3897 1143 4002 exposui·

1027 4066 1102 4125 mur
