2400 4478
147 201 225 280 288
308 251 312 257 -
506 186 650 285 Ecclesia
677 189 840 273 militant

145 379 189 431 na
212 348 291 429 sede
312 350 510 452 interrupta
530 352 588 432 est.
649 354 797 433 Interim
821 379 909 433 veru
930 353 986 435 nti
1002 354 1117 440 fidem
1133 388 1174 443 ct·

142 466 316 544 tholicam
346 466 474 541 invide
493 464 653 543 assertam
681 468 838 545 diximus
866 469 1055 550 aloanne
1084 473 1123 553 P.
1140 482 1173 556 ita

142 583 247 665 etiant
276 578 407 653 factum
444 576 571 655 Romae
599 583 634 653 in
656 579 820 657 conciliis
848 580 910 657 sub
944 587 1026 661 eius
1057 587 1172 667 succes·

141 691 277 767 soribus
296 687 500 767 Theodoro
518 708 553 769 et
571 692 605 768 8.
624 691 807 777 Martino.
838 706 951 791 quem
973 699 1079 775 inter
1095 701 1171 781 Mar.

141 818 236 902 tyres
255 800 396 878 ecclesia
422 807 540 898 (cum
565 803 597 879 8.
618 801 785 881 Maximo
801 806 935 881 abbate
970 808 1168 909 sanguinent

139 931 209 1012 pro
223 912 293 989 side
310 911 509 1001 fundente)
525 914 701 1000 celebrat,
726 920 789 1019 qui
805 940 940 1017 nempe
956 924 993 996 vi
1008 925 1160 1005 abdndn

141 1025 251 1125 Cpoli
290 1030 327 1101 in
363 1048 543 1103 carcerem
579 1027 775 1114 detrusus,
833 1030 870 1105 in
908 1030 1169 1115 Chersoneso.

138 1140 339 1237 relegatus.
371 1140 449 1236 posi
471 1155 626 1239 quatuor
643 1139 780 1217 menses
798 1144 977 1221 aerumnis
994 1150 1159 1229 confednr

137 1254 237 1329 obiit
300 1250 402 1327 Dum
435 1274 523 1327 vero
546 1252 664 1348 postea
696 1276 714 1327 a
741 1251 775 1329 8.
791 1253 994 1352 Agathone
1010 1256 1050 1339 P.
1066 1263 1161 1340 redin-

137 1379 274 1463 tegrata
302 1363 412 1439 videri
448 1379 590 1463 poterat
615 1360 701 1439 fides
728 1366 764 1439 in
797 1365 951 1463 synodo
979 1378 1163 1451 oecunreni·

135 1501 176 1553 ca
197 1468 259 1554 Vl.
275 1501 330 1551 an.
355 1486 406 1560 68
420 1498 448 1551 r.
478 1470 749 1554 succedentibus
772 1478 890 1554 eidem
928 1485 1034 1559 etiam
1051 1485 1162 1563 ontu-

135 1603 208 1665 tate
243 1588 444 1687 conspicuis
494 1588 726 1687 pontificibus
759 1584 980 1691 plerisque3
1034 1587 1155 1675 schisma

133 1702 282 1803 quidem
312 1714 482 1777 exortum
504 1701 552 1776 eil
571 1724 626 1776 an.
643 1712 734 1793 687.
767 1704 803 1795 in
817 1704 971 1782 ecclesia
992 1704 1152 1797 Romana,

132 1838 223 1890 mox
239 1832 358 1888 tamen
387 1815 656 1913 sequentianno
672 1812 826 1911 sopitum
840 1814 1032 1897 electione
1050 1822 1154 1900 &Ser-

131 1929 184 2025 gii
207 1929 241 2002 l’.
257 1930 319 2026 qui
339 1939 442 2011 toto,
476 1922 577 2023 quod
600 1925 778 2026 reliquunt
801 1924 894 2013 luit.
937 1930 1053 2013 huius
1070 1933 1165 2037 seculi,

33 2090 36 2097 -
131 2054 299 2137 tempore
315 2038 426 2138 usque
453 2037 498 2113 ad
522 2058 578 2113 an.
601 2056 693 2134 70¹·
725 2034 933 2119 sandiffinre
952 2047 1153 2146 gubernarit

111 2150 310 2229 ·ecclefiam
338 2148 552 2251 Romanam.

213 2312 261 2390 At
283 2332 370 2413 teto
391 2306 550 2390 ecclesias
573 2308 821 2411 patriarchales
844 2310 881 2391 in
911 2312 1080 2400 Oriente
1096 2320 1151 2424 ple·

128 2446 284 2528 tumque
309 2424 525 2501 obsederunt
543 2426 697 2525 haeretici
725 2422 941 2525 Eutychiani
966 2433 1149 2527 (laenate

127 2542 234 2616 etiam
256 2536 375 2636 postea
398 2537 478 2613 didi
500 2528 524 2613 a'
535 2536 666 2614 Iacobo
687 2532 808 2637 Syro)
838 2539 1075 2624 Alexandria
1091 2548 1146 2647 qni

127 2651 211 2730 dem
232 2653 312 2752 post
343 2652 376 2728 8.
392 2648 607 2749 Eulogium,
648 2648 847 2727 Antiochia
874 2667 1004 2732 autem
1039 2656 1145 2759 pntlS.

125 2762 340 2841 Anastaliunr
362 2761 536 2840 adfinem
569 2761 678 2862 usque
705 2760 769 2838 sec.
793 2759 861 2851 ΧΙ.
904 2764 985 2843 sete
1011 2794 1146 2856 ornnes¹

123 2892 295 2973 gemente
338 2874 527 2952 Antiochia
568 2876 631 2952 sub
668 2873 857 2973 tyrannide
893 2873 1148 2961 Barbarnrun:

124 2989 214 3072 urbe
241 2990 346 3063 etiam
375 2986 700 3089 Hierosolymitana
726 3005 779 3062 an.
811 2996 902 3079 637⁸
949 2989 1020 3069 sub
1051 2995 1147 3074 S.Sn·

120 3099 286 3199 phronio¹
300 3099 497 3198 patriarcha
519 3103 554 3175 ln
579 3098 789 3199 potestatem
813 3097 1088 3185 Saracenorum
1108 3126 1146 3183 re·

120 3212 252 3289 dada:
294 3213 457 3289 Armenia
489 3234 575 3307 vero
602 3212 645 3285 ab
677 3207 826 3287 Ecclesia
854 3211 1040 3295 catholica
1064 3216 1146 3297 scrffis

117 3346 137 3400 a
154 3323 307 3424 septimo
329 3324 401 3400 hoc
415 3324 525 3425 nsque
543 3373 547 3379 -
555 3327 724 3424 proxime
738 3321 969 3423 sequentibus
996 3327 1128 3410 seculis.

175 3478 215 3562 ln
232 3476 426 3585 Hispania,
469 3479 692 3587 Wisigothis
718 3485 864 3583 regibus
890 3478 935 3562 ad
968 3486 1082 3570 fidens
1102 3511 1146 3570 ca·

117 3593 292 3677 tholicam
316 3590 485 3681 reversis,
518 3621 685 3696 magnam
714 3586 796 3673 licet
822 3612 962 3696 partem
990 3603 1146 3683 subAn.

113 3714 203 3790 buna
228 3711 418 3787 dominatu
444 3704 657 3806 degentem,
688 3708 938 3805 conpluribus
967 3710 1144 3795 celebratis

114 3823 278 3903 conciliis
329 3812 515 3905 Toletanis
556 3812 645 3928 ¹fides
683 3806 857 3925 catholica
896 3842 1033 3906 contra
1072 3828 1145 3907 Mn.

114 3936 306 4017 nothelitas
328 3936 495 4025 stabilita,
541 3933 724 4041 disciplina
750 3956 903 4038 quoque
923 3940 1144 4020 ecclesiastica

945 4050 1100 4158 egregie
