2400 4478
82 227 168 309 246
448 207 594 307 Ecclefio
620 206 782 289 militans

88 375 189 457 Hinc
219 373 495 474 Viligotborum
524 398 678 472 regnum
706 378 744 450 in
775 371 945 471 Hispania
973 382 1015 448 et
1040 369 1117 450 Gal·

87 489 161 573 lia,
200 486 447 564 Vandalorum
480 491 517 562 in
553 487 698 572 Africa,
729 483 1057 583 ostrogothorum
1090 488 1117 560 in

92 597 213 685 ltalia.
242 599 383 676 deritio
402 597 810 677 OdoacreHerulorum
838 620 930 696 rege
959 591 1116 673 aTbeo

92 709 218 798 dorico
243 708 559 810 Ollrogorhorum
582 733 678 810 rege.

173 918 249 999 Sub
264 921 497 1000 Theoderico
518 921 650 998 Ariano
681 921 829 1021 quidem
858 917 1046 998 catholico
1068 947 1116 1023 pa·

89 1035 202 1120 patior
225 1034 292 1109 fuit
319 1031 495 1118 Ecclefia,
525 1057 593 1109 nec
615 1032 739 1108 infelix
763 1032 973 1130 reipublioae
995 1036 1111 1120 liatus,

89 1163 132 1229 ut
170 1143 357 1221 univerfim
387 1145 570 1229 Salvianus
601 1148 670 1221 iam
695 1144 784 1243 saepe
810 1146 941 1219 citatus
972 1144 1023 1222 de
1048 1150 1114 1224 bar.

90 1256 183 1332 baris
206 1258 410 1358 quibusvis,
442 1256 511 1333 five
527 1259 672 1356 paganis
688 1254 757 1330 five
768 1256 948 1331 haereticis
965 1259 1108 1345 melius,

92 1391 203 1468 quam
239 1370 283 1445 de
310 1368 481 1446 Romanis
513 1369 626 1445 sentit.
683 1366 717 1446 ls
747 1369 940 1467 postquam
967 1369 1031 1446 lib.
1058 1369 1110 1448 lll.

92 1481 140 1556 de
178 1485 325 1578 paganis
358 1478 507 1578 egilset,
543 1478 744 1557 Romanam
769 1480 1039 1577 rempublicam
1064 1481 1108 1558 rel

64 1664 69 1683 ,
91 1592 163 1668 iam
185 1604 364 1680 mortuam
379 1648 390 1676 ,
408 1591 463 1668 vel
484 1609 581 1668 certe
601 1606 804 1668 extremum
823 1590 995 1688 spiritum
1019 1619 1106 1692 agen·

8 1776 12 1780 .
93 1714 168 1778 tem
186 1702 296 1800 luget.
312 1701 388 1791 Lib.
402 1701 447 1783 V.
464 1704 509 1778 de
525 1703 696 1780 haerericis
711 1702 805 1776 idem
825 1708 915 1799 agit,
934 1705 1030 1782 ultra
1047 1729 1107 1780 mo-

94 1811 183 1893 dum
200 1815 364 1912 quidem.
379 1817 484 1890 etiam
496 1815 541 1890 de
557 1838 682 1891 errore
698 1812 869 1890 excusans
886 1814 991 1893 illos:
1010 1816 1107 1910 „Nos

90 1976 115 2021 ‚‚
143 1917 298 2023 (inquit.
327 1944 397 2000 c.2
420 1922 517 2010 )eos
541 1929 706 2001 iniuriam
731 1926 859 2000 dlvinae
890 1931 1107 2023 generationi

90 2087 116 2128 „
143 2034 259 2112 facere
272 2037 359 2112 certi
372 2035 510 2122 sumus,
525 2037 625 2135 quod
638 2039 816 2113 minorem
828 2035 1059 2123 Patrefilium
1073 2042 1112 2115 di·

91 2200 116 2240 ,‚
145 2161 242 2223 cant.
280 2146 333 2223 llli
356 2171 423 2222 nos
445 2146 633 2228 iniuriosus
655 2146 748 2224 Patri
778 2149 1012 2239 existimant,
1043 2156 1109 2253 quia

91 2310 115 2350 „
146 2256 295 2358 aequales
310 2255 377 2333 elle
392 2260 587 2335 credamus.
616 2256 756 2344 Veritas
771 2261 867 2358 apud
886 2286 957 2339 nos
980 2264 1110 2358 ell3led

87 2423 113 2462 ,‚
146 2368 194 2443 illi
213 2369 307 2467 apud
323 2367 435 2445 icelle
452 2369 678 2468 presumunt
699 2369 833 2454 Honor
848 2371 922 2449 Dei
936 2378 1037 2472 apud
1058 2399 1111 2453 nos

87 2535 112 2576 „
141 2479 212 2573 ell3
243 2480 299 2566 [εά
322 2480 369 2556 illi
395 2481 466 2567 hoo
486 2484 700 2567 arbitrantur
719 2482 899 2560 honorem
927 2485 1111 2564 divinitatis

91 2649 115 2687 „
145 2590 238 2676 effe.
271 2593 370 2693 quod
392 2593 552 2680 credunt
612 2591 805 2679 lnofficiofi
828 2595 937 2689 lunt;
968 2600 1033 2676 [εά
1056 2601 1111 2675 illis

89 2760 113 2800 „
143 2704 215 2781 hoc
248 2705 296 2782 est
338 2703 519 2789 summum
556 2707 742 2805 religionis
776 2704 955 2785 officium.
1018 2712 1113 2812 lmpii

91 2872 116 2910 „
146 2816 252 2903 sunt,
299 2815 356 2892 [εά
388 2818 460 2894 hoc
487 2832 649 2916 putant,
688 2841 807 2894 veram
841 2816 910 2895 elle
941 2825 1113 2920 pietatem.

90 2984 115 3021 ‚,
146 2924 391 3026 Errantergo,
423 2929 480 3014 [εά
499 2931 601 3005 bono
620 2930 742 3004 animo
762 2946 900 3016 errant,
917 2958 997 3011 non
1016 2937 1114 3021 odio,

90 3094 115 3133 „
144 3036 202 3113 sed
233 3037 357 3116 affeetu
386 3039 485 3126 Dei,
526 3041 710 3125 honorare
738 3041 770 3117 le
793 3039 1038 3138 Dominum,
1074 3063 1116 3124 at·

89 3204 114 3243 ,‚
144 3171 213 3247 que
240 3175 358 3228 amare
394 3153 589 3236 credentes,
649 3151 825 3245 Quamvis
858 3178 935 3232 non
972 3158 1117 3237 habeant

90 3316 116 3355 „
145 3260 273 3337 reiiam
296 3260 440 3348 fidem,
489 3263 537 3339 illi
565 3280 684 3342 tamen
725 3265 797 3358 boc
830 3269 1028 3364 perfectam
1054 3273 1114 3352 Dei

86 3427 110 3464 ,‚
135 3372 306 3459 aellirnant
341 3374 560 3459 charitatem.
633 3375 800 3468 Qualiter
839 3402 907 3476 pro
939 3381 1017 3460 hoc
1048 3384 1113 3485 ipio

88 3538 113 3578 „
142 3482 231 3558 falsa
264 3488 446 3582 opinionis
480 3510 602 3562 errore
629 3489 665 3562 in
696 3487 753 3563 die
780 3488 900 3572 iudicii
940 3497 1113 3594 puniendi

87 3652 112 3690 ‚,
141 3592 230 3679 lint,
262 3594 381 3672 nullus
403 3599 518 3695 potest
542 3598 649 3684 scire,
693 3599 756 3685 nili
785 3602 905 3679 iudex.
970 3606 1112 3687 interim

85 3764 109 3802 ‚,
134 3706 274 3783 idcirco
287 3710 356 3793 eis,
373 3704 530 3794 utreor;
548 3712 752 3808 patientiam
766 3709 867 3788 Deus
883 3723 1112 3805 commodat,

86 3875 109 3914 „
140 3823 221 3920 quia
253 3819 347 3895 videt
375 3844 463 3905 eos,
491 3818 552 3896 etfi
579 3845 654 3897 non
672 3823 763 3898 rene
780 3824 955 3918 credere,
994 3833 1114 3910 alietiu

85 3984 112 4026 „,
134 3946 256 4011 tamen
290 3934 358 4035 piae
395 3932 580 4034 opinionis
622 3957 779 4012 errare:
830 3943 995 4024 maxime
1038 3967 1111 4024 cun
1146 4032 1148 4049 Ι

935 4109 961 4149 „
986 4055 1069 4138 lciat
1146 4052 1148 4068 ’
