2400 4478
213 237 364 313 regnum
395 207 525 301 Christi
553 211 592 324 in
613 213 733 316 terris.
765 235 794 292 e.
825 176 942 293 XIII.¹
1056 233 1108 310 τι

53 434 77 473 ,,
102 403 271 465 cornua,
303 403 381 479 quae
403 376 516 454 vidisti
553 379 589 453 in
623 378 754 462 bestia,
782 376 819 452 hi
843 379 970 456 odient
995 378 1110 456 forni-

52 549 75 585 „
106 496 261 568 cariam:
280 491 550 573 Fornicariam,
581 492 656 575 uit,
688 480 847 568 Romam
870 507 998 579 vocat,
1029 516 1109 592 quae

55 655 78 697 ,‚
108 629 179 704 pro
207 603 414 680 deienfiooe
445 601 615 678 falsorum
648 604 801 679 deorum
824 599 948 680 Deum
970 622 1111 681 creato-

55 772 78 810 „
107 741 185 794 rem
217 717 318 793 suurn
355 715 640 815 persequebatur.
703 713 842 799 Decem
877 719 997 816 itaque
1027 740 1111 796 cor.

59 885 80 922 ‚‚
110 854 180 906 nua
212 831 299 911 odio
330 827 534 911 habuerunt
563 826 821 912 fornicariam,
854 830 1002 927 quondo
1021 853 1112 928 gen.

63 997 84 1034 „
111 957 163 1019 tes
188 965 268 1043 quae
297 940 508 1033 perdecem
543 962 680 1022 cornua
707 938 897 1038 designatae
925 944 1034 1028 sunt,
1065 942 1111 1021 ad

66 1110 86 1146 ,‚
113 1054 371 1138 destruendum
394 1051 601 1136 Romanum
624 1054 816 1158 imperium
838 1077 934 1128 arma
956 1053 1113 1153 sumpse·

68 1222 88 1259 „
114 1183 206 1243 runt.
267 1163 312 1250 Et
326 1188 410 1247 mox
429 1163 469 1246 de
486 1164 610 1245 eisdem
625 1161 811 1244 cornibus:
843 1162 945 1244 Deus
963 1166 1111 1247 deditio

68 1330 89 1380 ‚,
114 1279 222 1363 corde
244 1301 396 1361 eorum,
416 1276 537 1359 idest,
561 1275 740 1376 permisit,
765 1291 805 1354 ut
828 1276 977 1364 faciant,
1009 1281 1112 1381 quod

72 1391 160 1492 „illi
191 1390 454 1496 beneplacitum
481 1389 562 1473 est,
621 1404 657 1462 et
682 1389 782 1487 quod
818 1389 1027 1486 praedittum
1063 1393 1114 1470 est

75 1528 132 1593 „a
152 1502 388 1602 prophetis'
358 1525 455 1584 erus,
487 1518 523 1575 et
540 1500 741 1602 Apostolis‚
764 1524 826 1599 qut
819 1501 1113 1600 predixerunt.
1101 1558 1119 1593 .,

78 1616 214 1717 „quod
244 1615 395 1713 potestas
427 1611 626 1698 Romani
617 1615 787 1805 imperiib
786 1612 830 1692 ab
869 1616 918 1692 eis
940 1617 1113 1712 gentibus

10 1788 12 1793 .
10 1669 200 1825 ΙΞιςίῑει
235 1720 711 1816 destruendas-Tuncjt'hi
746 1720 892 1812 obiicit,
924 1725 1115 1808 seducet

80 1841 273 1939 ³‚aliquis2
330 1835 539 1936 Quomodo
570 1857 631 1936 pet
666 1836 853 1918 mulierem
886 1843 1112 1923 meretricem
1173 1920 1179 1929 ,

79 1949 273 2050 „Romani
313 1949 579 2047 defiguuntur,
632 1971 717 2034 uum
751 1947 819 2031 illis
854 1955 1112 2086 temporibus,

79 2062 263 2166 „quaudo
282 2061 336 2145 hae
363 2080 502 2159 gentes
519 2060 670 2144 divorsas
687 2060 804 2144 eludes
831 2044 965 2161 generi
987 2064 1115 2144 huma-

80 2203 166 2274 ,uo
202 2175 438 2262 intulerunt
487 2170 645 2259 Romani
687 2173 868 2257 christiani
900 2177 1146 2258 extiteriuti·

79 2288 171 2386 „Ad
195 2286 298 2396 quod
324 2309 394 2368 uos
419 2283 678 2389 respondemus
698 2341 709 2372 ,
739 2289 823 2386 quia
841 2310 904 2384 per
924 2289 1113 2371 mulierem
1159 2380 1166 2391 .

78 2402 343 2498 „meretricem
377 2421 452 2479 uon
485 2397 611 2489 elem,
656 2401 720 2506 qui
756 2421 802 2482 ex
838 2399 964 2476 eadem
1004 2418 1116 2500 gente

78 2516 290 2610 „tuoruum
320 2509 604 2608 intelliguntur
636 2513 773 2614 quique
806 2515 933 2590 mundi
960 2512 1116 2611 gloriam

78 2649 187 2726 „pto
215 2628 341 2705 umore
367 2622 492 2720 glorie
514 2620 677 2706 coelestis
705 2620 1012 2713 contemserunt,
1057 2626 1118 2705 fed

78 2738 286 2847 „reprubm
309 2732 379 2818 five
400 2736 555 2832 pagani,
586 2731 1014 2818 srvechristiunifuetint.
1075 2739 1122 2819 11.

80 2849 242 2947 „lorum
270 2870 363 2976 ergo
390 2846 546 2973 potestas
579 2845 712 2922 abillis
740 2847 912 2944 gentibus
947 2848 1121 2934 destrutta

78 3013 98 3060 ,‚
122 2963 197 3049 est,
245 2962 310 3058 qui
346 2961 457 3067 impia
484 2958 735 3042 dontiuutioue
767 2982 884 3058 genus
915 2960 1121 3069 humanum

80 3075 348 3182 „erputebantt

378 3448 630 3536 citur
690 3446 822 3536 XIV.
942 3488 946 3493 ·

332 3608 487 3704 Babylon
522 3609 711 3718 septimius
745 3611 868 3698 Romu.

10 3716 22 3843 ÷3
87 3761 198 3940 Heu
219 3779 333 3880 igitur
360 3776 410 3905 eit
439 3777 642 3905 meretur,
689 3800 731 3905 uc
763 3775 924 3878 Babylon
955 3783 991 3859 in
1022 3780 1079 3859 illu
1098 3780 1126 3862 1.

177 3892 252 3971 Pet.
281 3889 328 3969 V.
358 3889 427 3966 filra
448 3887 642 3990 Babylonis
666 3888 757 3969 utta
778 3890 969 3991 prophetis
996 3909 1033 3971 et
1065 3895 1124 3974 SS.

572 4045 660 4146 E4
1011 4055 1078 4142 Ρι.
