2400 4478
130 230 208 318 156
348 214 351 219 ’
480 210 626 310 Eccum
646 206 811 295 assitam

122 386 243 462 dimus
281 383 320 458 in
358 391 482 460 totum
530 378 720 459 aChristo
764 372 885 455 milsou'
929 375 1061 457 orbem
1110 374 1148 455 ad

120 492 415 574 constituendum
446 514 601 590 regnum
630 489 731 569 suom
764 492 801 566 in
822 504 914 567 tetta
940 490 1148 568 militantem

120 605 336 692 Ecclesiam,
365 605 484 680 datam
509 602 572 680 subi
598 628 618 679 a
640 600 743 681 Patre
757 601 971 702 potestatem
993 603 1031 677 in
1056 600 1149 680 coelo

121 738 160 797 et
193 720 228 793 in
258 734 350 793 terra
393 717 692 815 participantem:
754 727 800 792 ut·
834 713 928 791 adeo
954 712 1151 793 distinctum

120 829 269 933 prorsus
294 840 491 927 uirumque
514 826 706 926 imperium
738 823 876 904 sactum
906 839 943 903 ct
962 824 1149 925 profanum

1187 756 1192 909 l

123 940 446 1040 independensque
482 942 637 1015 ⁰¹¹¹¹¹ll¹⁰
666 937 803 1039 (quod
834 935 1003 1017 catholici
1029 960 1148 1015 omues
1189 916 1193 1027 l

57 1153 61 1159 .
122 1050 359 1151 agnoscunt)
393 1051 640 1137 demonstret,
679 1046 949 1127 ecclesiasticum
980 1049 1150 1129 sciliceta
1191 1048 1194 1079 ²

124 1165 220 1243 civili
240 1167 270 1238 is
295 1162 368 1264 ipse
396 1163 584 1263 primitium
612 1158 772 1239 Ecclesiae
803 1163 909 1239 slatus
933 1185 1012 1238 non
1040 1161 1150 1241 solun

67 1275 70 1283 ’
125 1272 331 1354 dissociatus
360 1277 525 1376 penitus,
571 1273 676 1375 quod
707 1275 869 1372 regimen
899 1272 1056 1374 spectat,
1101 1272 1152 1353 seu

125 1392 233 1466 ctiam
262 1388 417 1485 invicem
450 1385 636 1464 aduersus:
665 1383 754 1462 dum
779 1385 936 1484 potelius
953 1385 1152 1465 secolicom

126 1501 261 1578 inserui
287 1501 401 1598 portis
427 1498 619 1577 coniuncta
648 1494 838 1577 Ecclesiam
865 1497 910 1576 ad
944 1499 1152 1577 internecio·

126 1636 213 1690 nem
248 1610 360 1711 usque
392 1610 650 1711 persequituu;
709 1605 858 1687 Ecclesia
896 1624 1020 1687 aotam
1058 1606 1150 1698 Dei,

126 1723 217 1803 Deo
249 1724 374 1821 potius
409 1746 517 1822 quam
561 1722 770 1799 homiuibus
808 1720 1058 1801 obediendum
1092 1718 1153 1799 clla

107 1834 257 1912 *odolla
291 1833 462 1933 exemplo
492 1832 781 1933 Apostolorum,
829 1846 866 1911 et
894 1833 1045 1920 verbis,
1080 1856 1151 1937 qua

129 1945 392 2042 magistratibus
415 1943 624 2021 ludaeouum
651 1944 740 2022 disia
767 1943 868 2043 supra
895 1945 1151 2025 audiuiomuulu
1193 1970 1194 2051 j

129 2055 342 2157 Apostolis,
393 2055 481 2133 dum
511 2056 634 2154 primis
659 2053 771 2135 veluti
789 2058 834 2132 ab
859 2074 1013 2159 accepto
1030 2058 1152 2158 Spiritu
1193 2081 1194 2089 ¹

128 2168 249 2246 sanilo
284 2170 321 2243 in
362 2166 421 2243 die
453 2165 679 2244 Pentecosten
710 2171 936 2255 momentis,
985 2168 1152 2271 euangelii
1191 2246 1194 2277 1

130 2279 423 2380 pradicationem
455 2277 737 2378 auspicarentur,
783 2278 908 2357 ludaeis
932 2242 973 2356 ul
998 2281 1058 2361 sua
1083 2304 1151 2383 pct-
1185 2286 1194 2381 ζ

129 2393 262 2468 vicacia
280 2413 322 2467 ac
337 2393 494 2468 caecitate
515 2392 827 2489 permanentibus3
855 2393 1056 2490 gentilibus
1077 2414 1152 2469 vcra
1186 2402 1194 2487 ξ

130 2502 202 2580 suis
223 2502 531 2601 superstitionibus
558 2503 711 2591 deditis,
741 2519 823 2581 toto
843 2505 932 2579 orbe
959 2502 1151 2582 denmumu
1184 2490 1194 2599 '¹

131 2614 325 2716 genuum
341 2615 501 2692 tenoris
513 2616 671 2716 sepulto,
695 2639 737 2695 ac
753 2612 994 2695 inimicissimo
1006 2615 1106 2696 unca
1186 2596 1194 2723 ἐξ

216 2775 282 2852 His
305 2798 393 2853 veto
424 2777 595 2855 omnibus
636 2775 727 2854 nihil
760 2777 1019 2868 obstantibus.
1077 2778 1150 2859 dun
1191 2827 1194 2873 ,

133 2885 259 2964 divino
285 2892 425 2966 numini
451 2891 606 2991 placuit,
653 2889 740 2966 ouili
766 2888 884 2969 lucem
919 2886 1151 2992 Evangeliict
1191 2936 1194 3012 1

134 2998 442 3097 exsplendesceuc,
474 3004 552 3103 quis
581 3024 656 3078 non
684 2999 806 3090 uidet,
837 2999 984 3080 uoluisse
1009 3002 1150 3081 diuinam
1192 3030 1194 3101 ι

130 3110 426 3212 providentiam,
456 3112 561 3192 soum
587 3112 702 3191 solum
723 3111 796 3193 hoc
821 3138 915 3214 opus
939 3110 1039 3204 effe.
1067 3110 1151 3193 suun

128 3222 248 3300 lolam
276 3220 344 3299 elle
363 3223 525 3323 sponsam
548 3224 758 3314 Ecclesiam,
801 3248 843 3305 ac
870 3226 991 3325 suapte
1016 3224 1153 3307 subsilit·

128 3356 201 3420 ue,
257 3336 432 3434 potestate
464 3338 610 3437 propria
652 3338 696 3415 ad
739 3335 808 3416 sese
845 3336 1150 3417 constabiliendum

130 3444 485 3550 conservandamque
512 3447 715 3528 instruilam
735 3502 756 3538 ,ι
786 3468 976 3550 antequam
999 3450 1057 3529 uel
1078 3448 1152 3533 ulluu

132 3559 309 3666 potestate
346 3557 461 3660 aliqua
487 3560 631 3661 pollens
662 3561 707 3639 ad
738 3565 828 3642 sacta
864 3563 1053 3642 christiana
1080 3584 1153 3641 con·

132 3683 289 3745 uerteret
307 3672 487 3758 animum,
518 3673 679 3776 plerique
699 3698 787 3752 uero
800 3672 1152 3776 hostilem·.gctcrcut

131 3774 180 3858 Et
205 3780 288 3859 licet
306 3805 383 3857 eam
409 3783 520 3884 ipsam
547 3787 597 3863 ob
628 3786 792 3876 causam,
839 3790 943 3864 omui
962 3785 1027 3867 libi
1047 3787 1152 3867 aduct-

134 3892 232 3974 sante
267 3894 397 3976 muudi
420 3895 636 3990 dominatu,
680 3897 768 3991 sotis
803 3913 892 3981 tunc
921 3901 1094 4004 prodite,
1122 3915 1152 3975 ac

1005 4027 1113 4113 ueluti
