2400 4478
206 235 358 316 regnum
390 200 519 303 curin
545 212 587 291 in
613 211 728 313 terrie-
752 233 781 290 r.
812 206 935 294 XXV.
1013 209 1120 315 lere

82 381 324 463 nihilominus
352 378 562 478 prosecutus
598 376 673 464 est,
732 391 853 455 morte
887 376 1008 479 postea
1026 375 1121 467 luit.

80 495 199 577 Ledo
225 489 469 593 dignissimum
491 491 542 568 est
563 488 597 575 S.
619 488 869 590 Chrysostouni
885 494 1023 590 vigoris
1045 492 1123 592 ple·

84 624 178 688 num
212 605 309 706 apud
340 602 619 687 Theodoretnm
648 601 874 702 colloquium
910 605 1123 686 inmediuur

81 720 224 824 prolata
251 719 357 793 etiarn
382 711 579 799 Theodosi
602 714 705 812 lege,
749 738 820 813 qua
847 714 957 815 Cpoli
980 723 1123 820 quasvis

83 833 190 913 sellas
226 827 331 907 afide
363 827 540 913 catholica
574 825 703 905 alienas
725 824 841 903 exesse
867 827 988 917 lulst,
1036 855 1123 914 curn

80 960 166 1025 ante
186 939 437 1021 Theodosium
454 962 524 1027 nee
538 961 648 1019 unam
665 937 840 1017 haberent
864 940 1046 1022 ecclefiarn
1065 967 1124 1023 ce-

79 1056 234 1140 tholici,
264 1077 372 1153 quam
391 1066 522 1163 agente
544 1050 679 1150 Greg.
673 1049 932 1131 Nazianzeno
966 1058 1122 1138 reddens

82 1164 316 1248 Theodofius
341 1165 446 1242 hinc
455 1151 696 1247 Anastasaam
686 1184 724 1239 ιιι
757 1164 1002 1244 testimonium
1031 1169 1127 1249 resu-

78 1283 212 1368 scitatae
239 1279 461 1363 orthodoxe
485 1275 568 1361 fidei
598 1278 721 1358 vocari
761 1273 854 1355 suffit
890 1278 977 1356 teste
1008 1279 1126 1361 Sozo-

77 1417 205 1480 meuo.
228 1387 266 1488 a)

169 1549 237 1630 Per
264 1550 437 1630 maiorem
467 1546 613 1650 quidem
644 1545 748 1627 seculi
767 1543 816 1625 V.
844 1565 983 1650 partem
1007 1553 1122 1658 impe.

79 1678 248 1757 ratores,
280 1658 479 1743 Theodosii
509 1661 665 1759 vestigiis
695 1658 918 1750 insilientes,
963 1666 1123 1766 religiosi

84 1777 237 1861 fuerunt
260 1788 297 1854 et
322 1773 551 1856 observantes
575 1795 658 1872 erga
683 1769 872 1852 Ecclesiam
893 1776 1043 1879 eiusque
1062 1780 1124 1877 de.

84 1904 207 1974 cteta,
233 1911 312 1988 quae
334 1887 636 1988 promoventibus
655 1885 723 1963 illis
743 1903 869 1965 contra
889 1887 1033 1968 haereses
1048 1891 1124 1972 Ne·

81 2000 274 2085 florianam
306 2015 344 2076 et
371 1992 670 2098 Eut'ychianum
659 2022 696 2074 ιιι
725 2000 889 2077 conciliis
920 2010 1123 2084 oecumeni-

82 2116 136 2194 cis
161 2109 355 2212 Ephefino
353 2125 397 2187 et
418 2108 704 2189 Chalcedonenli
726 2128 959 2192 emanarunt:
988 2133 1122 2217 pruva-

82 2222 155 2308 luit
181 2240 293 2313 tunc,
325 2221 426 2325 quod
454 2225 603 2304 ineunte
632 2221 752 2302 seculo
775 2221 963 2321 Honorius
984 2228 1031 2304 ed
1056 2230 1124 2310 Ar·

84 2336 232 2415 cadiuni
264 2331 460 2441 rescripsit.
489 2334 528 2411 Si
556 2333 711 2433 quidde
739 2334 842 2434 causo
864 2332 1083 2433 religionis
1066 2366 1124 2419 rn-

85 2458 145 2527 ter
171 2444 342 2543 annaliter
374 2457 571 2543 ageretur.
618 2445 805 2544 episcopale
837 2455 1036 2546 oportuerit
1063 2451 1128 2554 effe

85 2561 285 2639 iudicium:
324 2556 372 2636 orl
398 2557 473 2635 illos
498 2561 592 2634 enim
619 2559 829 2639 diuinorum
856 2584 978 2639 rerum
1011 2567 1123 2645 inter.

81 2676 276 2784 pretorio,
305 2670 353 2748 od
375 2692 437 2747 nos
458 2667 642 2770 religionis
650 2667 787 2769 speliot
801 2668 1010 2769 obsequium.

143 2833 191 2914 At
207 2856 296 2912 vero
325 2832 487 2934 inquies,
509 2829 724 2910 Graecorum
755 2834 943 2932 ingenium
973 2860 1015 2914 ac
1035 2837 1126 2940 phi.

84 2946 304 3048 Iosophandi
331 2946 483 3051 prurigo
509 2967 629 3024 novos
662 2942 905 3023 haerefiarchas
938 2951 1122 3047 protulit,

84 3063 217 3163 quint
248 3057 431 3156 superiore
451 3054 572 3140 seculo
600 3055 807 3156 mysterium
827 3056 1040 3151 Trinitatis,
1077 3068 1123 3146 ita

82 3175 158 3251 iana
179 3173 246 3248 see
264 3167 311 3248 V.
351 3169 474 3248 conati
495 3166 577 3246 lunt
595 3181 755 3247 evertere
775 3170 983 3270 mysterium
1004 3175 1145 3254 lucar.-

82 3285 280 3371 natiouis.
334 3279 445 3357 duur
467 3278 590 3364 fovent
619 3281 749 3358 iterum
780 3279 887 3361 seculi
918 3289 1122 3388 principes.
1153 3372 1156 3379 ,

82 3396 233 3497 suisque
258 3392 381 3478 ediilis
417 3395 695 3494 patrocinantur
724 3397 930 3485 erroribus
977 3416 1013 3477 et
1042 3424 1125 3503 quae

80 3508 276 3611 legitime
266 3530 302 3582 ιιι
326 3504 447 3584 senatu
466 3505 707 3591 conciliorum
723 3505 767 3583 ab
785 3504 961 3588 Ecclesia
951 3536 1020 3588 ram
1039 3516 1122 3592 sunt

80 3618 368 3720 irrefragibiliter
391 3642 434 3697 ac
459 3616 688 3695 infallibiliter
710 3606 925 3710 constituta,
957 3622 1124 3702 sufflami-

81 3747 201 3819 nant
241 3729 384 3832 seseque
419 3730 606 3830 religionis
634 3734 796 3829 negotiis
824 3732 914 3809 ultra
944 3734 1065 3814 tutelae
1087 3750 1133 3816 et·

82 3844 283 3951 patrocinii
307 3844 460 3923 niodum
489 3842 621 3943 (quod
639 3842 776 3945 semper
799 3843 891 3921 male
914 3843 1080 3936 cellit)
1069 3874 1125 3927 ru·
1196 3836 1198 3843 ⁴

540 3950 579 4042 O
609 3972 638 4051 4
909 3976 1065 4058 gerunt.

122 4061 164 4141 a)
183 4056 247 4130 utu
272 4056 339 4126 tlt
364 4077 391 4124 o
382 4077 445 4137 ς
918 4156 920 4161 Ι
