2400 4478
272 239 424 319 regnum
437 212 567 310 atrata
580 216 621 298 r'n
632 216 753 300 ternis.
771 239 800 302 r.
817 215 924 303 XXI.
1033 243 1110 324 155

75 377 226 462 tuendis
251 403 388 480 magno
419 405 574 461 numero
607 397 726 459 morte
745 381 903 460 violenta
923 384 1118 485 imperato·

75 496 188 573 ribuc
249 491 420 573 Maximae
449 517 562 594 porro
592 491 765 572 Romanae
790 496 993 596 reipublicae
1017 511 1118 575 erant

76 600 318 692 calamitates,
349 607 505 705 quibus
550 606 650 706 quod
677 605 889 684 christianos
918 607 1115 707 affligeret,

76 717 312 796 afflictabatur
333 720 377 794 ad
402 718 541 795 lentum
563 717 672 795 veluti
694 719 904 806 interitum,
936 737 1120 817 praeeunte

79 829 234 910 ludaicae
260 831 379 927 gentis
412 828 506 906 fatali
532 828 622 909 casu.
682 826 770 909 Hac
795 828 1010 912 Pastoriniue
1038 855 1121 933 per-

79 941 239 1041 sequitur
265 941 308 1022 ad
329 939 424 1020 effus
418 966 474 1017 am
499 939 654 1040 phialam
685 942 837 1040 primam
868 940 980 1042 apoc.
1009 937 1118 1024 XVI.

79 1054 186 1154 super
209 1052 424 1134 Romanos
415 1067 673 1151 imperatores,
694 1050 884 1133 Ecclesram
904 1054 1118 1161 persequen-

79 1179 159 1243 ter:
188 1163 365 1262 fimulque
389 1188 434 1245 ex
463 1182 539 1264 cap.
559 1161 648 1246 Xll.
680 1161 869 1245 Ecclesaam
901 1166 1023 1295 primis
1049 1165 1118 1246 illia

79 1276 241 1355 ferulis
231 1299 268 1351 an
294 1275 423 1352 dolore
449 1280 729 1375 parturientem,
770 1291 878 1379 atque
901 1282 937 1355 in
959 1275 1121 1356 solitudi-

80 1413 166 1466 nem
188 1389 440 1485 sugientemr
417 1386 521 1464 fistit:
560 1403 669 1486 atque
695 1388 800 1468 etiam
830 1387 1118 1496 persecutionem

78 1498 282 1581 Ecclesia
271 1523 307 1575 m
344 1496 456 1576 Perfia
489 1499 553 1578 sub
587 1498 723 1597 Sapore
752 1522 838 1597 rege
871 1491 1018 1599 eiusque
1042 1501 1118 1578 suc·

80 1609 276 1690 cessoribus
311 1612 448 1709 iungit.
479 1634 546 1688 nec
579 1634 656 1687 non
687 1633 734 1688 ex
760 1634 839 1723 cap.
868 1608 962 1693 XX
994 1610 1119 1692 diabo-

79 1724 159 1801 lum
177 1723 352 1822 ligaturn,
399 1736 685 1822 regnaturuaque
711 1745 794 1802 cum
818 1713 964 1804 Christo
983 1723 1119 1805 hollos

80 1835 180 1911 mille
196 1837 335 1918 annia,
368 1835 477 1940 usque
500 1833 545 1912 ad
565 1832 918 1914 consummationem
944 1835 1073 1924 seculi,·
1098 1858 1119 1916 a

82 1945 254 2028 Bossueto
272 1962 424 2032 autem,
470 1949 533 2047 qui
558 1959 672 2023 totam
701 1945 941 2048 Apocalypsin
970 1949 1015 2025 ad
1043 1945 1118 2026 Ro·

82 2085 180 2137 marn
198 2059 463 2137 debellatricem
483 2058 683 2139 sanslururn
703 2075 869 2144 revocat,
899 2054 972 2135 huc
994 2063 1116 2138 omnia

80 2171 247 2249 historica
261 2169 453 2357 guadamsl
451 2174 524 2247 erle
549 2194 655 2270 acap
671 2167 736 2248 lV.
771 2168 882 2271 usque
911 2162 1051 2252 lell.
1081 2186 1118 2250 et

80 2280 194 2367 XlX.
227 2284 341 2382 Apoc.
364 2282 632 2368 describuntur,
678 2284 943 2360 commentario
962 2285 998 2362 iu
1020 2284 1119 2382 Apo-

81 2393 238 2496 calypsrn
254 2395 455 2472 luculenter
467 2392 647 2494 exposta
668 2393 908 2472 demonstrata
929 2394 1115 2494 porroDa

80 2504 259 2589 Exotero
279 2505 520 2590 Brauronia,
550 2520 659 2606 atque
680 2510 785 2583 etiam
804 2507 848 2582 ab
868 2504 961 2584 Heu.
979 2505 1119 2584 Bullin-

81 2643 174 2718 gero
192 2616 339 2706 asserta,
371 2617 547 2716 Zminglii
569 2617 665 2717 apud
682 2617 884 2716 Tigurinos
897 2615 1113 2706 successore,

82 2745 125 2808 ut
160 2745 280 2806 tamen
327 2730 480 2830 uterque
515 2729 574 2810 hic
617 2731 654 2805 in
690 2727 893 2811 Romanam
925 2725 1115 2809 Ecclesiam

79 2841 391 2942 hierarchiamque
411 2839 796 2947 >paratragoediaretum
832 2837 932 2947 quod
951 2841 988 2920 in
1011 2841 1114 2922 illum

80 2951 269 3038 Bolluetus
301 2954 586 3049 animadvertit3
627 2950 818 3051 Zwinglio
848 2967 968 3034 autem
998 2953 1035 3031 in
1070 2951 1112 3033 ΙΙ.

81 3062 191 3167 Epist
219 3066 263 3144 ad
283 3062 404 3146 Thess.
419 3063 463 3145 ΙΙ
505 3067 665 3171 aprimis
696 3061 858 3149 Ecclesiae
872 3065 1114 3181 temporibus

83 3194 181 3258 tanta
213 3178 280 3256 visa
318 3178 367 3254 est
401 3179 583 3264 tentatio,
630 3190 726 3254 tanta
760 3164 885 3257 satana
923 3178 1114 3278 operatio,
1191 3172 1194 3176 ’

82 3307 125 3371 ut
148 3293 256 3369 etiam
279 3287 512 3380 santliffimis
554 3301 590 3372 et
613 3285 821 3372 douiffinis
850 3288 1059 3395 episcopis
1048 3311 1117 3369 mr·

82 3403 252 3505 posuerit.

167 3563 337 3666 ansque
363 3564 572 3644 temeritatis
600 3561 808 3670 processum
833 3564 911 3653 est,
951 3577 992 3644 ut
1021 3563 1148 3643 haud*

83 3676 286 3765 defuerint,
335 3677 496 3778 srntque,
544 3679 609 3777 qui·
641 3678 716 3756 iura
749 3676 934 3758 sacrorum
967 3677 1119 3754 ethnicis

84 3794 208 3890 potius
233 3790 453 3889 principibus
482 3787 709 3867 adscribenda
738 3803 887 3891 putent,
916 3811 1023 3886 quarn
1043 3786 1117 3863 suc-

85 3901 282 3984 cessoribus
324 3900 605 4008 apostolorum,
669 3925 764 4005 quos
814 3903 886 3977 iam
921 3889 1118 3997 suprari-

947 4027 1066 4106 dimua
1097 4029 1102 4035 ’
