2400 4478
87 250 117 331 c
148 277 151 284 ·
287 226 292 237 ’
413 231 574 334 Bcclfin
610 233 771 316 militane

86 403 197 508 apud
234 423 302 482 noe
346 396 392 477 ad
430 397 550 478 finem
583 399 689 478 seculi
726 402 895 501 ptaeteriti
932 399 1125 496 Petersen,

87 518 278 621 Spenner,
310 507 463 610 Lange,
474 511 697 597 Comenius
728 513 1008 591 controversam
1035 518 1131 598 hanc

86 628 184 731 apud
210 622 450 704 Protestantes
483 640 766 702 commoverunt
799 627 891 703 inter
915 623 1128 721 Dottores,

84 763 181 843 quos
213 739 342 833 citatur
384 759 592 838 anonymus
637 739 842 825 nominat,
897 753 938 815 nt
986 739 1134 838 Angloe

84 847 309 950 Quakkeros
327 845 525 939 a)1ileam,
547 850 611 950 qui
630 851 744 926 mania
756 847 822 925 hac
838 852 1053 928 vaticinandi
1069 854 1134 931 de.

84 967 203 1051 tenti,
249 959 370 1063 paffim
397 982 548 1062 qunque
574 957 691 1038 seculo
716 963 898 1061 praterito,
930 964 1029 1039 brevi
1068 967 1133 1044 ad.

84 1090 281 1156 venturum
302 1071 472 1172 Regnum
494 1076 530 1150 in
554 1076 657 1150 terris
668 1073 890 1150 somniabant
913 1072 952 1162 b)
976 1076 1021 1151 ad
1035 1101 1128 1178 quoe
1166 1128 1170 1138 .

84 1191 194 1268 etiam
232 1187 389 1288 inspirati
427 1184 478 1262 illi
518 1187 722 1286 pertinent,
767 1189 830 1286 qni
861 1187 1049 1287 postquam
1089 1193 1128 1269 in
1166 1220 1170 1225 ·

86 1299 205 1381 Gallia
249 1300 423 1376 maximas
462 1298 583 1376 turbas
614 1298 863 1375 excitaverunt
894 1296 988 1377 Elias
1017 1299 1130 1380 Mari.

85 1402 162 1501 an,
192 1410 368 1490 Nicolaus
399 1407 540 1497 Facio,
581 1408 734 1488 loannes
762 1409 873 1495 Allut.
904 1413 940 1486 &
974 1411 1128 1494 Carolus
1165 1430 1170 1478 ἓ

86 1523 276 1611 Portales,
327 1521 560 1602 Germaniam
608 1524 817 1623 peragrati,
864 1525 1013 1601 eandem
1054 1544 1170 1605 ma:

85 1641 184 1716 niam
219 1633 340 1732 paffim
374 1632 645 1734 inspiraverunt
714 1632 793 1728 Qui
819 1636 1001 1737 quidem
991 1661 1028 1714 rn
1056 1638 1129 1718 hon
1164 1656 1170 1706 t

86 1745 377 1846 conspiraverant
397 1767 484 1820 cum
504 1743 681 1823 Chilrastis
707 1749 868 1834 caeteris,
901 1764 941 1825 ut
970 1747 1169 1829 Ecclefiae·
1164 1806 1169 1819 .

86 1855 294 1940 catholico·
303 1851 477 1932 Romanae
513 1854 659 1952 eiusque
693 1856 868 1958 capitiR.
890 1859 927 1938 P.
955 1861 1041 1938 diris
1067 1865 1130 1940 de·
1164 1881 1169 1949 ἶ

85 1983 210 2055 voto,
256 1964 348 2044 mala
370 1966 494 2043 omnia
522 1987 564 2042 ac
588 1967 773 2043 interitum
803 1969 924 2068 pafflm
954 1974 1129 2054 eiusmodi
1164 1998 1169 2046 :

88 2076 414 2186 pseudopropheta
431 2073 500 2153 sant
516 2079 686 2166 ominati,
718 2093 826 2179 atque
849 2079 893 2156 ad
915 2107 1025 2159 novas
1040 2110 1131 2166 -crua
1163 2109 1169 2159 r

86 2195 197 2277 cintae
239 2206 366 2270 contra
398 2188 598 2268 Romanam
632 2186 821 2268 Ecclefiam
853 2191 947 2269 haud
977 2196 1129 2287 minna,
1164 2224 1169 2272 ε

88 2330 199 2411 qnam
236 2319 363 2383 contra
403 2300 697 2382 Mahumedanos
731 2304 945 2394 animarint,
975 2324 1131 2388 canente
1163 2336 1169 2385 a

88 2415 267 2499 clafficum
290 2417 361 2495 iam
391 2430 610 2494 memorato.

130 2577 633 2669 offlpmnfflfflkss

90 2767 1168 2849 ΕΞΕΕΕΞΞΞΞΞΞΞΕΞΕΞΕΞΞΞΞΕ,

417 2947 450 3029 C
480 2970 505 3025 n
534 2942 612 3025 εὐ
643 2969 669 3024 n
714 3026 728 3053 ,Δ
741 2944 816 3026 lv.

362 3107 499 3204 Nostra
527 3111 639 3187 etatis
670 3108 847 3205 Chilinstae.

89 3264 247 3446 Θυοά
270 3296 356 3351 vero
384 3273 478 3351 bene
511 3267 646 3361 habet,
677 3273 834 3375 epochas
868 3275 1015 3377 quidem
1042 3299 1133 3354 con.

199 3389 351 3464 stituunt
387 3408 464 3463 non
490 3410 574 3463 raro
612 3386 756 3465 fanatici
786 3387 868 3478 isti,
918 3388 975 3464 sed
994 3393 1131 3478 annis,

88 3523 184 3601 quos
209 3497 467 3600 praefixerunt,
499 3498 568 3575 iane
593 3497 839 3598 praeterlapsae,
872 3501 924 3577 uti
935 3502 1030 3602 apud
1056 3500 1132 3579 lau·

90 3613 214 3691 datum
247 3607 296 3701 n)
328 3633 555 3712 anonymum
595 3611 716 3687 videre
742 3611 791 3686 est
814 3613 978 3712 exempla
1017 3615 1054 3689 in
1078 3639 1134 3690 re·

12 3719 31 3817 J
80 3723 261 3820 ‚centiotis
303 3726 412 3802 aetatis
444 3725 550 3799 etiam
578 3721 840 3821 scriptoribus,
882 3750 911 3800 e.
932 3749 966 3823 g.
1001 3723 1133 3803 Praen.

10 3940 12 3945 Α
91 3852 196 3919 cante
224 3831 443 3916 Berolinenfi
477 3834 581 3924 Seiz,
612 3838 675 3938 qui
694 3857 791 3914 anno
816 3856 930 3930 1720.
950 3837 1136 3916 vaticinari

872 3972 1079 4052 rncrprena,

42 4051 45 4054 ’
133 4053 386 4148 &manua
