2400 4478
139 215 222 287 226
477 196 620 295 Ecclefio
648 198 810 279 militant

132 371 217 471 pitia
233 360 417 451 vetuerit,
446 376 488 441 ut
511 365 617 439 etiam
643 363 738 462 apud
767 362 1022 441 Sozomenum
1051 361 1093 454 o)
1115 365 1161 445 le.

129 505 219 581 gere
247 481 305 555 est.
365 473 464 561 Lex.
496 498 566 575 qua
589 475 735 575 quidem
754 475 931 562 Constans
959 480 1050 575 imp.
1075 497 1160 572 342.

75 660 79 667 .
132 614 282 670 omnem
319 586 602 687 superstitionem
625 590 768 686 penitus
799 587 994 662 eruendam
1024 590 1165 669 censue·

133 720 207 789 rat,
237 718 356 777 tamen
383 716 477 776 vetat
507 698 599 775 dirui
628 701 720 775 aedes
747 698 966 797 templorum
999 699 1165 782 ethnico·

133 838 216 893 rum
245 828 345 888 extra
372 832 517 897 muros,
566 830 645 909 quae
672 809 867 887 serviebant
893 813 1015 908 poliea
1045 816 1090 890 ad
1115 817 1167 893 in·

132 923 355 1003 staurandam
382 920 625 997 idololatriam
655 920 793 998 luliano
816 923 1001 1020 apostatae,
1036 948 1162 1024 quem,

133 1036 247 1139 qualis
272 1033 417 1112 futurus
440 1029 540 1118 ellet,
573 1033 605 1110 S.
625 1030 936 1131 GregoriuaNaz.
955 1057 1045 1110 cum
1066 1036 1165 1118 lulla·

131 1172 183 1227 no
216 1150 345 1225 inverte
379 1143 579 1221 studiorum
614 1143 714 1251 causa
743 1142 891 1227 Athenis
926 1145 1086 1225 versatus
1120 1172 1162 1228 ex

131 1259 297 1358 corporis
320 1256 442 1333 habitu
467 1269 504 1333 et
529 1254 752 1333 sermonibus
773 1257 966 1350 divinavit3
996 1263 1161 1340 oratione

129 1395 218 1450 vero
247 1367 310 1448 lV.
330 1366 368 1456 b)
393 1389 472 1467 quae
497 1367 546 1443 est
572 1369 607 1442 in
636 1366 810 1445 lulianum
841 1371 979 1466 prima,
1014 1388 1085 1473 qna
1101 1376 1160 1452 'ra-

128 1487 231 1563 tione
250 1483 359 1558 animi
382 1482 587 1579 pravitatem
608 1479 671 1555 sub
692 1477 869 1556 mo'destiae
894 1478 988 1557 larva
1011 1488 1159 1577 texerit,

128 1608 272 1679 narrat,
321 1593 358 1668 in
386 1590 523 1668 clerum
554 1594 659 1668 etiam
692 1615 775 1667 cunr
806 1590 913 1668 Gallo
945 1591 1156 1695 adscriptus:

130 1761 154 1810 ᾗ
182 1705 294 1791 adeo,
325 1719 365 1780 ut
381 1702 521 1778 divinos
541 1724 691 1802 quoque
708 1700 817 1781 libror
835 1701 931 1803 plebi
950 1703 1154 1787 leditarent:

127 1874 151 1915 „
182 1840 260 1893 non
296 1815 414 1891 minua
451 1811 512 1889 fibi
544 1814 703 1913 amplum
739 1828 775 1890 et
810 1813 1059 1894 honorificum
1094 1817 1153 1899 elle

124 1984 147 2023 ‚‚
178 1926 439 2011 existimantes,
470 1948 577 2029 quam
594 1925 688 2000 aliud
706 1925 862 2026 quidvis,
891 1929 971 2003 imo
987 1936 1150 2009 omnium

124 2051 475 2133 „ornamentorum
514 2037 715 2112 maximum
763 2038 1151 2149 praellantillrmumquc
1192 2132 1194 2147 Ι

124 2207 148 2253 „
178 2150 317 2250 pietatis
336 2146 404 2224 ell'e
424 2148 616 2224 censentes.
664 2146 737 2224 lam
763 2148 1049 2258 sumt-oosrfftmia
1068 2177 1149 2257 quo·

123 2318 146 2356 „
176 2286 248 2362 que
277 2278 475 2359 martyrum
499 2262 742 2336 monumentis
775 2276 811 2337 et
846 2266 1061 2343 votivorum
1089 2266 1148 2345 do·

122 2429 146 2470 „
176 2394 308 2449 norum
352 2372 631 2458 munificentiis,
688 2372 928 2472 omnibusque
974 2378 1054 2455 aliie
1101 2402 1146 2455 re·

120 2541 143 2578 „
173 2485 271 2570 bus.
326 2484 453 2583 quibus
497 2481 637 2559 divinus
679 2483 790 2560 timor
824 2483 1050 2584 insignitur,
1102 2489 1144 2566 s·

120 2654 142 2690 „
171 2598 314 2698 pientiae
357 2594 510 2672 studium
553 2593 757 2694 Christique
798 2619 962 2675 amorem
1000 2600 1143 2679 declara·

120 2711 276 2803 „.bant;
313 2705 401 2784 alter
421 2705 566 2809 quidem
592 2731 673 2784 vere
697 2722 733 2784 et
750 2709 843 2785 l'erio
869 2713 1043 2809 pietatem
1071 2736 1144 2816 pru·

118 2875 142 2915 ,‚
171 2822 273 2897 litem
296 2819 361 2895 &c
379 2873 402 2912 ‚,

44 3076 47 3082 .
202 2968 435 3077 Versrpellern
459 3002 545 3056 vero
567 2979 728 3056 enlmum
755 2975 910 3061 lulianus
930 2982 1065 3080 (tanto
1089 3008 1141 3088 pt·

116 3087 306 3170 riculosror
328 3088 438 3168 hostis
463 3083 647 3169 militantis
677 3089 861 3183 Ecclesia,
890 3118 972 3197 quae
1004 3102 1075 3175 iarn
1095 3120 1140 3175 re·

83 3238 86 3243 ·
116 3227 231 3305 gnum
250 3203 350 3279 suum
371 3207 408 3279 in
426 3205 527 3280 terrie
548 3206 585 3280 in
606 3215 689 3280 tuto
710 3202 859 3303 posuisse
879 3207 948 3285 visa
967 3205 1048 3299 est)
1065 3211 1141 3288 leur·

116 3340 204 3418 per.
234 3316 340 3392 etiarn
367 3337 451 3429 cunr
473 3333 594 3415 aperte
615 3321 650 3391 in
672 3315 955 3416 persecutionem
981 3344 1140 3423 erumpo·

113 3445 199 3517 ret.·
220 3426 398 3515 ostendit,
428 3425 516 3503 dum
552 3483 576 3520 ‚,
593 3452 674 3505 eum
696 3451 845 3528 quoque
868 3432 940 3523 (ut
958 3432 1059 3509 idem
1082 3450 1141 3533 po·

57 3633 59 3637 ἲ
111 3540 181 3618 stea
208 3537 331 3615 eadem
359 3539 395 3615 io
412 3536 674 3630 orationtclet
689 3540 841 3640 amplius
866 3559 956 3618 orat.
974 3540 1141 3633 xxi-rt

112 3647 260 3739 narrat)
298 3706 320 3743 „
340 3674 419 3750 ¹qun
449 3664 622 3751 martyres
650 3646 741 3727 affici
773 3652 914 3739 solent,
963 3654 1139 3735 honorent

109 3820 133 3860 ,‚
161 3765 301 3845 athletis
322 3762 462 3844 invidit.
509 3761 563 3842 Ac
582 3763 738 3866 proinde
762 3763 798 3842 id
818 3766 989 3856 molitur.
1017 3785 1059 3847 ut
1076 3765 1141 3872 ipsc

961 3931 985 3975 ,,
1009 3882 1091 3983 qui·

146 3987 185 4059 a)
205 3981 264 4046 Lib.
292 3976 341 4045 lll.
371 3999 397 4045 e.
428 3984 476 4047 16.
592 3979 627 4058 l)
649 3995 676 4043 rt.
703 3997 751 4054 24„
776 3998 805 4061 p.
828 3989 878 4057 88.
914 4025 918 4031 -

145 4072 176 4133 τ)
200 4066 239 4126 lh.
265 4086 292 4126 n.
318 4075 363 4139 58.
389 4082 417 4144 p
444 4083 511 4147 vop
587 4067 637 4144 rt)
659 4083 687 4146 p.
712 4080 784 4147 402.
