2400 4478
228 219 380 296 *regnum
411 192 539 286 carini
565 196 739 274 interris
764 218 794 274 r.
830 193 937 294 XXI.
1000 225 1090 300 '195

64 361 128 464 qui
147 358 293 438 technas
310 361 499 437 struerent:
526 371 565 436 ut
582 357 645 438 sub
658 357 902 437 'Constantino
921 359 1091 446 Eusebius

61 472 301 575 poriiiimum,
332 475 378 547 ita
399 471 462 546 sub
486 469 701 548 Constantio
727 473 902 570 imprimis
920 471 1108 562 ursacius

61 602 96 663 et
118 583 270 666 Valens,
302 584 363 681 qui
384 584 490 658 etiam
513 596 626 678 patres
647 581 885 658 Ariminenses·
902 581 970 662 suis
990 588 1110 667 stau·

61 697 166 775 dibus
186 698 398 771 irretierunt.
413 777 415 780 ,
458 690 600 769 Fadium
620 692 653 767 id
670 691 825 791 specioso
844 697 912 789 (ut
922 693 990 785 fit)
1006 701 1088 776 uni.

61 810 140 884 tatis
168 821 203 882 et
230 804 502 882 communionis
538 801 769 880 ecclefiasticae
802 819 994 903 praetextu,
1043 824 1087 892 ut

61 920 90 996 S.
113 916 358 1018 Hieronymus
380 911 417 1001 u)
442 911 622 1013 perhibet:
653 914 769 1006 „Sub
796 919 943 1001 nomine
969 923 1085 998 nnita·

61 1087 82 1123 ,‚
112 1032 181 1115 tis.
212 1043 248 1104 et
269 1027 348 1103 fidei
373 1025 555 1102 infidelitas
583 1025 708 1124 scripta
735 1025 804 1112 est,
837 1041 876 1103 ut
900 1051 996 1107 nunc
1021 1055 1084 1134 ag·

61 1199 82 1234 ‚‚
111 1140 278 1216 noscitur.
338 1136 430 1214 Nam
455 1135 517 1214 illo
544 1153 710 1236 tempore
739 1134 826 1211 nihil
852 1152 923 1214 tana
953 1144 1083 1240 pium,

61 1309 80 1345 ‚‚
112 1251 201 1326 nihil
219 1268 289 1327 tam
308 1252 525 1325 conveniens
543 1247 642 1324 servo
659 1245 729 1324 Dei
750 1247 951 1335 videbatur.
974 1274 1085 1351 quam

61 1420 78 1456 „
110 1366 286 1439 unitatem
312 1360 426 1460 sequi,
451 1374 487 1435 et
503 1384 521 1434 a
537 1361 650 1436 totius
672 1356 797 1435 mundi
819 1368 1111 1442 communione·

61 1532 78 1567 ,,
113 1494 192 1548 non
218 1472 324 1546 scindi
341 1525 373 1561 „.
432 1470 610 1569 Scriptura
633 1471 761 1554 enam,
793 1467 828 1546 S.
841 1467 921 1546 fidei
938 1519 939 1522 κ
954 1469 1083 1550 Refor-

61 1601 242 1660 matorum
272 1581 377 1657 solito
404 1604 524 1667 more,
555 1579 860 1678 praetendebatur:
891 1597 1089 1682 atque,›ut'
1130 1576 1137 1582 ’

61 1697 158 1772 idem
182 1693 216 1771 S.
242 1691 483 1790 Hieronymus
508 1691 613 1769 habet
638 1691 721 1784 „de
743 1689 830 1768 Usrae
854 1698 1002 1770 nomine
1019 1697 1081 1773 ab·

61 1865 77 1899 ,,
109 1807 288 1890 uniendo,
317 1808 388 1880 veri
416 1799 535 1879 fimitis
560 1806 648 1879 ratio
669 1805 908 1902 praebebatur:
940 1808 1020 1906 quia
1041 1811 1080 1906 in

61 1975 79 2012 ‚,
112 1917 311 2016 scripturis,
357 1918 520 2002 aiebant,
553 1917 843 2001 nouinvenitur‚
875 1929 911 1993 et
941 1917 1078 1998 multo·
1152 1915 1160 1918 ’

61 2087 79 2123 ,,
114 2027 345 2124 {impuriores
381 2027 539 2103 novitate
576 2024 634 2102 sua
666 2024 884 2103 scandalizat.
943 2026 1083 2113 Placuit

61 2198 78 2233 ‚‚
109 2140 256 2223 auferri,
288 2162 366 2216 non
394 2153 467 2212 erat
488 2157 581 2214 curre
605 2137 777 2237 episcopis
805 2138 849 2214 de
879 2140 1077 2233 vocabulo.

61 2309 78 2344 ‚,
109 2275 193 2327 cum
222 2249 336 2325 sensus
363 2246 445 2326 effer
468 2250 504 2324 in
533 2246 683 2340 satv0„.·
728 2246 876 2325 DeteHa
906 2253 1079 2333 vero-ul.

61 2380 116 2438 tro
156 2364 200 2436 ab
233 2358 379 2437 Ursacio
415 2375 450 2437 et
481 2353 632 2436 Valente
669 2353 792 2436 fraude
821 2359 965 2439 confessi
995 2361 1078 2446 sunt

61 2473 196 2551 Patres:
219 2469 369 2564 seruiit
391 2467 476 2545 moli
494 2473 533 2544 in
548 2466 614 2563 suo
626 2466 698 2566 fide
712 2467 927 2568 firspiuatos:
955 2472 1089 2574 iicque‘

61 2580 330 2669 Ariminenfibus
354 2579 438 2659 dolis
470 2582 625 2666 irretiti,
647 2578 721 2676 fine
744 2579 1086 2678 conscensionem

61 2699 120 2772 tici
141 2692 372 2789 ferebantur,
420 2706 461 2770 ut
489 2691 583 2767 idem
613 2691 646 2769 S.
677 2689 921 2793 Hieronymus
949 2695 1075 2787 habet.

61 2823 245 2906 totamque
268 2797 481 2902 complexus
516 2825 622 2878 remt.
673 2801 790 2890 Tunc,
820 2807 958 2903 inquit.
994 2803 1085 2896 Una·

61 2941 181 2994 nomen
211 2913 378 2992 abolitum
400 2910 472 3001 ¹eli,
503 2925 586 2988 tunc
612 2912 761 2991 Nicaenae
781 2912 868 3010 fidei
896 2913 1076 3004 damnatio

61 3028 271 3105 conclamata
305 3024 356 3113 eli.
427 3023 601 3122 Ingemuit
628 3037 720 3102 tutus
747 3023 868 3112 orbis.
909 3035 943 3101 er
972 3031 1079 3106 Ario.

61 3131 141 3215 uum
157 3139 198 3236 se
218 3135 277 3237 effe
299 3141 448 3213 miratus
468 3133 520 3224 eii.
567 3133 718 3225 Fndem.
749 3158 816 3235 qua
842 3141 877 3212 in
898 3135 1082 3219 Occiden.

61 3268 90 3329 te
123 3251 273 3328 Arimini
305 3249 473 3349 perfidia,
504 3251 540 3323 in
575 3244 727 3328 Oriente
747 3247 913 3331 seleuciae
934 3252 969 3327 in
988 3252 1079 3332 ion.

61 3361 224 3439 :iliabulo
241 3383 294 3437 res
311 3359 438 3436 eodem
456 3376 621 3457 tempore
645 3357 719 3435 aiia
737 3356 795 3435 est.
853 3355 1079 3462 Prospiciens

61 3473 256 3550 §.Hilarius
274 3472 471 3572 periculum
493 3488 538 3545 ex
555 3467 780 3548 Ariminenirs
800 3484 835 3549 et
850 3469 1079 3556 Seleucienfis

61 3583 363 3684 pseudo-synodi
392 3581 620 3671 autloritate.
650 3603 770 3659 earum
798 3581 978 3660 historiam
1004 3589 1077 3663 iam

61 3697 167 3793 Cpoli
188 3695 393 3782 inchoavit.
425 3691 482 3769 sed
503 3689 620 3793 postea
639 3712 720 3772 cum
741 3715 760 3774 a
780 3692 978 3772 Constantii
1002 3698 1100 3772 edi··

61 3808 144 3896 tris,
177 3808 309 3894 minis,
339 3824 381 3882 ac
405 3805 574 3882 violentia
596 3804 793 3904 periculum
820 3809 932 3885 maius
959 3806 1079 3879 immi·

482 3947 489 3965 ν
526 3914 559 3993 Ν
593 3936 618 3998 a
894 3928 1022 4002 neret.

97 4024 133 4103 ᾳ)
155 4016 270 4101 Dialog.
297 4029 399 4084 eontra
423 4017 549 4089 Lucifer.
