2438 4470
271 238 423 312 regnum
445 198 575 305 cirria·
590 212 632 289 in
647 212 767 291 terris.
789 235 817 289 r.
840 210 1008 291 XXXII.
1066 230 1151 332 295

114 380 229 479 digna
258 380 304 457 ad
332 376 566 456 concordiam
583 374 838 456 sacerdotium
876 377 974 460 inter
1014 389 1051 455 et
1081 377 1149 454 irn-

80 494 84 498 ’
113 497 258 595 perium
293 495 406 590 impp,
426 488 648 569 Francorum
666 486 728 565 tib.
747 484 794 565 V.
814 510 890 586 cap.
908 509 998 565 222.
1013 486 1058 565 ad
1073 489 1150 584 epi-

115 605 249 704 scopos
273 604 400 681 rerba:
446 658 468 694 ‚,
494 598 770 679 Volumusvos
802 596 889 698 [cire
923 601 1148 678 voluntatem

115 774 139 810 „
159 714 347 803 nostram,
396 713 588 816 quod-nos
612 715 723 813 parati
740 712 864 791 sumus
880 735 944 791 vos
962 712 1147 801 adiuvare,
1207 760 1210 765 >

115 885 139 923 „
169 830 378 928 ubicunque
399 823 538 904 neceffe
562 824 636 914 est,
667 838 710 903 ut
737 824 971 902 ministerium
993 826 1148 903 vestrum

111 996 136 1035 „
166 936 363 1038 adimplere
386 939 547 1017 valeatis:
589 934 764 1038 fimulque
792 959 857 1011 vos
882 936 1147 1025 admonemus,

64 1108 66 1113 -
109 1109 136 1146 „
167 1046 208 1129 ut
225 1066 374 1151 propter
397 1052 636 1130 humilitatem
655 1052 816 1127 nostram
835 1059 872 1122 et
884 1050 1147 1139 obedientiam,

76 1239 85 1257 ,
112 1221 136 1259 ,,
168 1189 276 1265 quam
300 1166 450 1240 monitis
475 1164 597 1240 vestris
626 1175 776 1263 propter
799 1158 871 1237 Dei
892 1162 1062 1237 timorem
1083 1182 1150 1237 ex·

110 1270 136 1370 '„
166 1276 332 1353 hibemus
350 1276 530 1353 honorem
557 1274 670 1353 aDeo
694 1275 800 1349 nobis
826 1268 1032 1348 concesium
1059 1296 1150 1350 con-

109 1444 135 1483 „
150 1388 326 1473 terseris,
359 1386 447 1465 ficut
464 1376 698 1464 anteceffores
720 1384 972 1463 vestrinoiiris
994 1384 1150 1462 anteces-

87 1556 137 1607 1,,
163 1498 302 1577 foribus
324 1500 496 1577 fecerunt
517 1554 541 1590 „
797 1500 801 1509 ’

106 1863 205 1917 ···
331 1866 614 1956 'cipue
671 1873 908 1955 xxxur.
979 1822 1029 1872 '⁷

112 2051 115 2055 ’
171 2040 291 2129 Status
308 2034 472 2129 Eccirfiae,
495 2040 534 2111 in
553 2034 749 2115 Germania
765 2036 978 2137 prasertim,
1008 2035 1094 2134 efflo-

225 2150 381 2248 rescenr,
419 2162 453 2228 et
478 2146 625 2241 Erciefiae
651 2149 825 2228 Romana.
886 2149 1037 2251 Imperii

133 2334 137 2343 .
224 2264 352 2363 epocha
376 2284 470 2341 nono
497 2262 570 2341 Sec.
598 2260 706 2341 VIII.
801 2368 805 2377 Ι

66 2428 86 2451 ·“
99 2368 306 2544 'Enetum
322 2426 408 2503 hinc
427 2424 477 2503 est
496 2431 550 2505 ius
570 2426 979 2525 Capitulariumtegum
993 2422 1149 2505 Franco-

213 2564 293 2623 rum
313 2594 323 2623 ,
355 2560 512 2639 quorum
537 2539 708 2615 colietiio
725 2538 818 2617 edita
837 2564 855 2617 a
871 2537 1057 2639 Stephano
1080 2536 1147 2615 Ba·

108 2652 214 2729 luzio
246 2652 404 2750 prostat,
434 2674 571 2750 corpus
597 2674 689 2741 vero,
702 2655 965 2729 concinnatum
990 2650 1049 2759 est·
1066 2664 1145 2726 tum

111 2787 161 2840 ex
191 2762 414 2871 synodorum
443 2762 700 2863 episcopalium
717 2762 892 2851 decretis,
932 2786 1017 2840 curn
1039 2763 1146 2838 etiam

103 2890 160 2953 'err
185 2876 424 2953 conventibus
456 2876 525 2954 iliis
551 2875 608 2953 seu
635 2875 780 2978 fynodis
808 2872 1016 2953 huiusmodi
1049 2875 1146 2975 opti-

112 2999 252 3062 matum
284 2979 465 3087 utriusque
490 2988 721 3088 reipublice,
753 2988 955 3088 episcopis,
985 3000 1022 3063 et
1041 2987 1148 3063 abba·

111 3098 298 3203 tibus-'una
316 3120 361 3202 ex
380 3113 507 3199 parte,
531 3124 578 3177 ex
597 3101 704 3177 altero
724 3098 877 3177 ducibus
896 3114 932 3175 et
950 3101 1145 3176 comitibus

110 3212 336 3311 primoribus
371 3210 501 3309 regni,
561 3235 642 3313 quae
673 3234 805 3311 magna
841 3209 1047 3289 celebritate
1082 3211 1145 3288 sub

108 3322 456 3423 stirpe'Caroliogica
467 3321 613 3401 fuerunt
624 3324 806 3411 institut-ae,
817 3324 1026 3401 audioritate
1041 3327 1148 3400 etiam

64 3486 66 3493 ·
109 3437 333 3535 apostolica,
365 3433 595 3534 pre-sentibus
623 3434 823 3538 pontificiis
844 3436 988 3537 legatis,
1020 3460 1060 3513 ac
1078 3460 1148 3536 po-

108 3546 179 3625 stea
208 3550 251 3626 ab
280 3545 359 3648 ipfis
388 3546 856 3650 pontificibusroboratae,
914 3550 1025 3626 veluti
1057 3548 1149 3624 It'aac

109 3659 215 3761 episc.
245 3659 487 3760 Lingonenfis
519 3664 556 3737 iu
590 3662 798 3763 prefatione
826 3665 894 3739 Iuae
922 3659 1147 3737 coilediionis

106 3774 278 3861 testatur,
324 3773 532 3874 capitularia
553 3772 815 3881 Karlomanni,
857 3773 990 3875 quibus
1014 3770 1149 3848 cuden-

95 3884 163 3964 dis
186 3884 351 3965 interfuit
372 3884 495 3966 Iaotiae
518 3884 693 3967 Romanae
719 3901 757 3967 et
771 3884 977 3991 apostolica
997 3883 1150 3963 ecclefiae

602 4030 639 4145 Τ
668 4087 697 4163 4
951 4064 1092 4164 legatur
