2400 4478
209 257 363 337 reguum
394 234 522 335 curisti
549 240 590 316 iu
615 174 735 316 scr'rir.
766 260 794 315 t.
826 233 871 322 V.
1039 252 1089 317 r'r

56 402 1091 473 Ἣ

369 537 650 665 *Cleua
708 562 770 664 Vr
840 558 869 595 '⁸

10 742 14 843 ξ
166 741 339 834 Chiliusiae
361 748 566 846 primur-um
595 743 742 841 uctefia
767 744 981 846 seculorum.

10 924 13 932 '
58 901 389 1080 Graviorumeii
418 932 601 988 novorum
630 906 903 999 Chiliasiarum,
935 911 1018 1012 post
1037 904 1100 991 tos

148 1019 468 1110 ecclefiae-secura,
499 1045 632 1112 error.
677 1043 790 1125 quant
829 1036 991 1103 veterum
1014 1023 1099 1103 illo·

10 1224 16 1233 ,
57 1159 129 1212 rum
154 1130 282 1232 primae
300 1130 461 1210 Ecclefiae
483 1135 625 1223 utatis,
656 1133 804 1236 quando
815 1134 943 1212 inolita
963 1135 1019 1213 ilia
1036 1135 1100 1215 lu·

56 1246 218 1324 deorum
249 1245 297 1322 de
328 1266 447 1342 regno
476 1243 608 1323 Meiliae
643 1260 788 1324 terreno
812 1244 987 1346 persuasio
1015 1270 1095 1326 uon

56 1374 120 1436 tam
154 1356 272 1457 ¹facile
312 1355 447 1432 aboleri
488 1365 633 1455 potuit3
688 1359 825 1459 quique
867 1380 944 1434 uon
977 1358 1096 1438 solum

57 1472 180 1550 ueteris
201 1468 294 1569 legis
314 1491 355 1544 ac
375 1469 638 1569 prophetarum
659 1468 704 1545 de
728 1468 859 1547 Christi
888 1492 1006 1568 regno
1034 1494 1095 1547 ua·

56 1585 196 1669 iouia,
238 1585 366 1658 verum
388 1582 495 1657 etiarn
516 1580 720 1678 evangelica
748 1579 837 1656 disla
853 1603 894 1658 ac
911 1580 1096 1680 parabolas

56 1693 185 1774 sinisti
202 1691 250 1770 de
275 1714 390 1790 reguo
407 1690 472 1769 suo
487 1691 667 1792 presentis
687 1690 839 1769 ecclesiae
862 1706 970 1794 atque
986 1696 1095 1772 etiam

10 1870 13 1874 .
54 1803 297 1908 Apocalypfin
314 1805 349 1882 S.
367 1803 510 1882 loannis
527 1828 599 1902 ptae
625 1803 738 1906 oculis
757 1806 959 1882 habebant:
991 1807 1028 1882 δι
1048 1828 1097 1886 ert

54 1915 274 2020 apographis
293 1916 424 1995 librum
439 1915 503 1995 lV.
524 1913 664 2003 Esdrae,
691 1916 830 1995 utuihil
856 1915 901 1994 de
921 1915 1096 1997 Rabbinie

54 2032 191 2133 licam,
223 2042 331 2129 atque
350 2027 562 2130 Apocalypfi
581 2027 774 2116 Cerinthi,
805 2031 843 2105 in
860 2051 939 2127 qua
962 2031 991 2106 is
1008 2031 1097 2108 teste

55 2139 207 2222 Eusebio
229 2141 313 2242 post
349 2140 642 2218 resurresiionern
670 2143 785 2217 carnis
814 2140 963 2218 demum
985 2139 1121 2220 tetre-t

56 2279 141 2333 num
170 2276 329 2350 regnum
370 2253 488 2330 statuit
529 2250 791 2353 Hierosolymis
819 2255 857 2328 in
893 2252 1096 2332 carnalibus

57 2366 311 2469 cupiditatibus
358 2367 395 2442 δι
430 2364 657 2464 voluptatum
703 2363 915 2453 illecebris.
958 2369 1109 2466 nuptiis

57 2481 120 2557 &c
143 2475 414 2576 transigendum
433 2531 443 2562 .
461 2473 768 2555 circumcisionem
785 2479 916 2561 etiam.
937 2478 1099 2556 viilimas
1126 2498 1139 2522 ’ν

58 2592 256 2670 &Sabbata
270 2593 307 2666 io
327 2588 462 2665 deliciis
481 2589 629 2667 summis
656 2589 821 2666 reditura.
854 2589 945 2665 Sunt
959 2590 1096 2678 etiam.

56 2708 111 2806 qui
144 2703 306 2782 Platonis
334 2699 378 2779 de
402 2724 540 2801 magno
566 2702 663 2777 anuo
700 2699 959 2795 commentuni
985 2715 1098 2777 mate-

56 2820 141 2892 riam
180 2807 450 2892 subministrasse
484 2812 729 2913 suspicentur:
790 2813 878 2890 dum
908 2806 985 2889 vult
1016 2813 1099 2911 post

57 2931 204 3029 triginta
229 2926 290 3003 sex
325 2925 471 3002 demum
499 2948 681 3004 annorum
706 2925 815 3002 millia
843 2925 1097 3006 innovandum

59 3042 266 3143 mundum3
296 3059 518 3138 aureumque
545 3034 701 3116 seculum
725 3035 900 3118 sutorum.
1052 3054 1055 3060 ’

134 3199 261 3281 Passim
292 3201 329 3275 in
359 3198 558 3300 Prophetas
584 3213 836 3278 commentans
860 3192 892 3278 S.
915 3189 1102 3304 Hierony.

58 3339 133 3393 mus
180 3309 311 3392 crassos
354 3313 613 3392 iudaizantium
653 3312 926 3392 christianorum
955 3330 1099 3394 errores

57 3427 266 3506 chiliasticos
298 3438 400 3500 notat
417 3425 455 3499 in
482 3417 577 3503 Osee
599 3447 676 3524 cap.
699 3421 740 3503 ll.
767 3423 805 3514 u)
838 3425 883 3501 de
909 3427 1100 3504 circumci-

56 3539 176 3627 srone,
210 3538 248 3613 ἃ
272 3537 391 3633 postea
415 3538 451 3610 in
465 3559 541 3636 cap.
565 3533 625 3621 lll.
650 3534 689 3625 b)
710 3537 754 3614 de
769 3559 889 3614 rerum
904 3537 1100 3624 affluentia,

56 3653 96 3727 de
125 3648 381 3735 Hierusalem,
431 3649 655 3726 villimarum
681 3646 879 3749 sanguiue,
921 3650 1027 3736 filiis,
1056 3669 1100 3725 ac

57 3762 269 3868 nepotibus,
291 3760 475 3839 &deliciis
486 3760 755 3844 incredibilibus
772 3819 786 3852 ,
802 3764 846 3842 de
858 3764 976 3864 portis
996 3782 1100 3857 gem-

898 3894 1042 3950 marum

57 4065 84 4144 ο)
94 4064 128 4133 r.
141 4062 197 4131 111.
217 4082 249 4143 p.
271 4081 357 4141 mu.
432 4063 475 4146 a)
498 4061 581 4144 top.
600 4081 688 4146 ιαμ
770 4061 805 4140 a)
824 4058 896 4123 rura
909 4077 939 4138 p.
954 4065 1045 4142 13⁶4,
