2400 4478
208 233 358 314 regnum
389 206 518 321 cirilli
543 211 584 287 in
611 211 720 289 terris
741 186 776 291 t.
806 206 957 294 XXIV.
1044 232 1127 314 133·

93 383 133 453 et
166 374 355 477 quousque
386 374 455 457 iuis
474 370 609 462 ‚finibus
640 388 789 476 utraque
821 375 914 455 saera
938 389 976 457 et
1001 381 1120 484 proia-

92 510 141 569 nu
167 486 235 565 lese
258 490 438 567 contin-uit
462 484 623 586 potestas.
752 558 780 581 ,.

165 598 266 697 ‚Non
297 597 555 678 Constantinus
583 596 751 697 equidem
784 598 921 689 solum,
954 599 1012 683 led
1041 606 1120 684 eius

91 713 201 791 etiam
220 707 436 793 luccellores.
458 709 625 810 usquead
648 708 859 809 Gratianum
879 716 1118 807 retinuerunt,

89 824 193 927 quod
213 823 371 902 solemne
397 837 471 901 erat
499 845 517 898 a
545 819 683 903 Caelare
704 819 813 923 usque
838 825 1117 923 inperatoribus

88 936 308 1045 gentilium,
337 958 472 1025 nomen
499 933 682 1035 pontificis
707 937 876 1029 maximi3
908 936 964 1014 sed
984 936 1056 1017 hoc
1071 940 1117 1025 ad

88 1048 377 1148 superstitionem
410 1045 582 1144 gentilem
613 1047 821 1144 pertinebat.
881 1044 939 1126 De
972 1049 1117 1148 pontifi,

86 1176 169 1238 catu
185 1159 266 1236 -hoc
292 1158 419 1257 gentili
442 1158 516 1256 iple
536 1156 612 1237 Pet..
632 1157 680 1234 de
694 1155 817 1235 Marco
833 1155 919 1255 (De
939 1161 1113 1243 concord.

89 1272 123 1350 S.
141 1288 177 1348 et
202 1268 228 1346 l.
246 1270 304 1345 lib.
323 1268 367 1349 ΙΙ.
385 1293 415 1351 c.
434 1266 485 1354 X.-
513 1291 547 1345 n.
582 1291 616 1365 7.
633 1265 660 1363 l
677 1270 934 1369 interpretatur
952 1275 1124 1353 eiusdeur-

87 1382 319 1463 Constantini
349 1386 472 1467 verba,
504 1382 590 1460 dum
629 1381 715 1460 teste
741 1377 922 1468 Eusebius
948 1383 981 1460 se
1008 1395 1116 1483 extro

84 1490 266 1585 Ecclefium
283 1493 438 1582 τῶνέκτας
464 1492 671 1590 episcopum
700 1491 895 1593 aliquando
925 1495 962 1571 in
988 1499 1115 1587 convi-

85 1609 148 1689 v'io
178 1605 296 1696 dixit,
325 1605 425 1704 quod
454 1602 532 1679 fori·
556 1606 837 1703 inconsp'eter'rtls
875 1605 969 1686 foret
994 1606 1116 1707 quale.

87 1741 243 1819 cunque.
261 1716 422 1796 dilium:
444 1710 547 1796 'terte
577 1731 698 1807 tamen
711 1816 713 1821 Ι
728 1714 776 1797 fic
791 1717 1038 1817 intelligitur,
1069 1734 1113 1799 ut
1169 1766 1172 1772 ·

86 1830 275 1932 episcopos
324 1851 445 1925 rerunt,
484 1822 788 1933 ecelefislli'carunr
804 1839 824 1912 ,’
855 1833 1111 1929 imperatorem

86 1936 174 2023 vero
212 1939 370 2021 civilium
402 1962 525 2016 curem
558 1962 684 2037 gerere
719 1938 910 2038 significet,
951 1966 1032 2045 quae
1063 1944 1110 2023 ad

84 2050 272 2137 Ecclelianr
293 2075 368 2131 nou
391 2050 538 2152 spectat,
565 2050 717 2149 perinde
736 2075 780 2133 oe
801 2051 1109 2135 eccleliasticauum

85 2178 217 2250 rerum·
236 2186 322 2253 cura
350 2163 498 2253 nonnd
529 2165 795 2261 imperatorem.
852 2163 911 2243 Sic
932 2165 1111 2244 Constan.

82 2283 180 2359 tinus
196 2277 392 2368 inNicaena
405 2274 542 2376 synodo
557 2272 748 2378 episcopor
764 2273 908 2362 affatus,
928 2275 1023 2353 Deus
1045 2299 1112 2356 our

83 2387 286 2480 constituit,
315 2390 385 2476 uit,
408 2386 626 2486 sacerdotes,
648 2390 681 2467 'et
704 2384 902 2486 potestatem
928 2389 1042 2476 cludit,
1067 2390 1109 2467 dr

82 2500 184 2581 nobis
214 2522 354 2598 quoque·
375 2499 563 2591 iudicandi.
623 2496 842 2603 Deleodeur
875 2497 1043 2578 Eusebius
1069 2504 1107 2580 in

83 2619 161 2711 eius
191 2617 261 2691 rita
287 2613 346 2692 lin
376 2610 437 2689 lll.
460 2635 490 2688 c.
525 2631 589 2685 20.
626 2607 732 2690 refert
758 2608 905 2711 sequens
939 2611 1104 2688 ditium:

81 2784 106 2822 „
137 2725 334 2826 Quidquid
356 2715 533 2805 insanitis
553 2719 807 2819 episcoporum
829 2720 992 2817 ¹conciliis
1008 2723 1106 2819 geri-

80 2897 109 2935 „1
136 2856 215 2924 tur,
246 2838 283 2916 id
299 2859 409 2915 omne
434 2834 477 2911 ad
493 2826 647 2911 diuinum
677 2832 901 2911 referendum
911 2832 964 2913 ‚est
977 2833 1107 2911 uolun-

81 3009 107 3047 „
136 2965 259 3042 tenu„
317 2947 360 3029 ln
383 2947 479 3048 epist.
513 2944 559 3024 act
584 2942 770 3043 episcopos
801 2944 881 3046 post
905 2944 1104 3023 concilium

80 3062 213 3148 Arelat.
234 3062 376 3154 scribit3
403 3115 425 3151 s
446 3058 546 3141 Dico
564 3059 684 3147 eninr,
709 3071 755 3133 'ut
776 3059 808 3134 ie
829 3058 956 3133 ueritas
973 3056 1104 3144 habet,¹

79 3228 106 3271 „
132 3173 360 3267 secerdotum
396 3171 565 3248 iudicium
599 3171 645 3245 ita
677 3167 782 3247 debet
819 3168 963 3255 haberi,
1007 3192 1049 3248 sc
1080 3166 1105 3245 fr

78 3344 108 3384 ,2
134 3285 207 3386 ipse
239 3284 423 3364 Dominus
454 3280 606 3359 refluens
636 3281 780 3382 iudicet
853 3278 957 3376 Quid
995 3283 1107 3380 igitur

78 3455 107 3495 „
135 3397 285 3477 sentiunt
333 3394 531 3474 Donatistae
685 3394 899 3494 perquirunt
937 3388 1105 3473 secularis

77 3568 103 3606 ‚‚
135 3510 378 3614 relinquentes
405 3505 607 3596 coelestia.‚,
664 3503 764 3583 Dum
794 3508 828 3579 in
854 3505 976 3582 eadem
1005 3504 1105 3582 causa

77 3622 377 3708 Donatistarum,
400 3619 485 3695 telle
504 3615 645 3716 Optato
670 3616 821 3695 Mileuit.
847 3618 905 3693 lib.
935 3616 963 3694 l.
979 3634 1107 3694 contra

76 3733 244 3815 Parmen.
267 3732 462 3813 Donatistae
483 3730 527 3805 ab
550 3753 595 3805 eo
613 3744 775 3830 peterent
795 3730 948 3814 iudices,
980 3725 1107 3802 Petitir

77 3871 101 3925 a
140 3868 224 3932 me,
254 3843 464 3944 respondit,
494 3834 533 3917 in
554 3835 673 3939 siculo
707 3842 899 3926 iudicium,
938 3860 1017 3914 cum
1045 3857 1109 3936 ego

78 3956 152 4058 ipse
177 3953 304 4053 Christi
325 3956 493 4032 iudicium
522 3952 717 4052 exspoliem.
826 4056 829 4063 1
965 4056 994 4140 F

527 4064 572 4143 Μ
601 4088 630 4160 4
995 4083 1055 4140 ru·
