2400 4478
148 196 229 283 154
478 184 623 281 Eccielr'o
649 142 810 273 militans
895 251 901 275 .

140 446 1168 476 m———w—--u—-n-—i--u-——m

438 617 473 703 C
502 641 525 697 t
556 644 577 699 ι»
607 642 633 699 u
663 642 689 701 τ
746 615 873 704 ΧΧΙ.

195 831 417 914 Hierorchio
441 833 572 931 primis
596 832 787 913 militantis
815 830 963 930 Ecclefiae
975 794 1117 930 seruiit.

134 1015 319 1185 Mirum
338 1054 552 1164 cumprimis
578 1064 657 1153 est,
694 1065 891 1166 quomodo
907 1064 1161 1144 iudaizantibut

251 1177 446 1256 christianis
471 1176 558 1264 illis,
603 1200 699 1276 quos
727 1178 763 1281 S.
782 1174 1029 1278 Hieronymus
1050 1176 1161 1279 passiut

136 1303 405 1369 commentatus
438 1291 474 1365 in
503 1288 698 1388 prophetas
731 1287 891 1376 inceffit.
939 1293 1077 1391 quique
1099 1314 1165 1367 rnn-

134 1406 234 1479 xime
250 1401 345 1479 abuii
365 1403 446 1478 sunt
465 1399 676 1505 Apocalypsi
702 1401 736 1483 S.
757 1400 923 1488 loannis,
952 1405 990 1478 in
1009 1421 1162 1480 mentem

135 1520 258 1590 venire
284 1531 373 1592 tunc
397 1515 573 1614 temporis
608 1515 769 1613 potuerit
795 1512 1005 1593 monarchia
1030 1514 1088 1594 iiio
1110 1514 1163 1592 seu

133 1649 290 1724 regnum
320 1625 569 1724 superomnia
592 1648 729 1724 regna,
769 1625 870 1724 quod
891 1628 929 1702 io
956 1624 1082 1709 Meflia
1104 1626 1161 1703 ioo

132 1751 223 1814 tunc
258 1736 478 1836 potiffimum
512 1741 684 1836 temporis
711 1736 1007 1836 prestolabantur
1032 1737 1158 1824 ludet.

130 1850 180 1924 ita
207 1864 246 1924 ut
279 1848 493 1946 sumantque
516 1851 644 1949 opinio
673 1848 731 1924 ilia
755 1849 800 1925 ad
822 1847 1011 1928 Romanor
1039 1852 1157 1937 etiam,

36 1961 40 1969 '
131 1983 292 2060 quorum
328 1974 496 2059 tempore
522 1959 653 2039 Christi
681 1962 824 2038 summo
854 1963 890 2037 in
919 1961 1064 2060 fastigio
1093 1975 1158 2039 erut

130 2071 372 2157 monarchia‚.
394 2070 594 2170 pervaserit.
653 2071 847 2150 Suetonius
866 2076 902 2148 in
922 2075 994 2150 vita
1008 2074 1156 2152 Neronis

131 2185 178 2260 de
204 2173 470 2263 mathematicis
507 2182 708 2260 sermonem
732 2184 838 2270 fucit,
886 2187 949 2287 qui
984 2210 1074 2266 eum
1102 2187 1156 2265 nli-

130 2298 281 2394 quando
311 2295 605 2381 destituendum,
658 2294 716 2372 alii
747 2319 834 2372 vero
868 2295 1005 2374 summa
1043 2317 1154 2377 rerunt
1194 2290 1198 2397 ξ

127 2407 299 2506 deinceps
333 2410 535 2505 potiturum
567 2406 825 2508 predixerant3
865 2410 962 2486 unde
989 2408 1154 2509 periurio
1192 2400 1197 2485 i

127 2519 188 2598 iilo
213 2519 310 2620 apud
329 2519 559 2604 christianos,
598 2519 785 2596 Neronem
806 2521 1054 2598 antichristum
1074 2520 1154 2602 tedi-

128 2646 280 2726 turum3
340 2631 397 2706 ulii
431 2654 518 2707 vero
551 2629 682 2709 Meroe
720 2630 924 2709 iudaeorum
968 2636 1194 2740 imperinm

128 2744 313 2822 summum
340 2743 574 2820 somniabant.
633 2742 972 2843 „Spoponderunt
995 2746 1194 2847 quidam*
1191 2796 1194 2841 ,

129 2856 287 2957 „(iunt
301 2832 579 2932 uerbaSuetonii
583 2852 851 2944 ,)destituto
820 2881 851 2932 er
872 2857 1194 2937 dominationem
1190 2902 1194 2959 t

127 3025 151 3065 „
183 2969 377 3056 Orientis,
427 2966 599 3045 nonnulli
624 2969 840 3048 nominatim
871 2992 1030 3067 regnum
1064 2966 1192 3051 urin

125 3137 149 3176 „
179 3079 292 3159 Hiero
295 3078 544 3179 solymorum,
575 3079 693 3180 plures
716 3081 840 3158 omnis
863 3083 1020 3180 pristinae
1043 3082 1148 3165 fortn-
1190 3132 1192 3147 =

124 3247 150 3289 „
181 3218 235 3270 nae
259 3193 547 3270 restitutionem:
574 3192 639 3293 ..cui
662 3191 731 3292 spei
741 3193 908 3292 ‘pronior
929 3191 1146 3275 Britaooitrt
1189 3188 1192 3193 ’

124 3359 149 3400 ,,
179 3305 366 3390 Armenio,
397 3328 468 3404 qua
494 3298 635 3389 amira,
673 3327 715 3381 oc
743 3302 859 3384 rursus
887 3321 1040 3407 utraque
1063 3326 1145 3385 tect·

122 3473 148 3513 „
176 3435 256 3516 pru,
287 3415 495 3494 defuniium
511 3414 545 3492 se
563 3414 724 3498 fatalibus
755 3417 853 3493 malis
879 3419 1143 3509 existimabat„-

66 3570 73 3607 t
119 3528 263 3610 Primus
294 3530 322 3603 is
350 3531 388 3603 in
415 3526 625 3605 christianos
650 3526 876 3616 desaevierat,
928 3529 999 3610 fata
1029 3535 1141 3613 etium,

118 3666 201 3744 quae
227 3639 427 3718 Laiiaotius
448 3638 493 3715 de
524 3641 703 3716 mortibus
731 3642 999 3739 persecutorum
1029 3641 1143 3735 descri-
1176 3720 1180 3727 ,

120 3755 198 3839 bit,
230 3756 367 3854 primus
394 3765 587 3851 expertus:
631 3768 801 3853 erantque
831 3755 999 3855 deinceps
1032 3753 1141 3833 omnir

121 3867 331 3969 perturbata
360 3877 432 3940 tam
458 3863 497 3939 in
522 3861 803 3954 constituendis,
846 3889 954 3968 quam
986 3870 1027 3947 iu
1050 3863 1141 3945 detti
1183 3866 1186 3905 ²

946 4088 949 4093 .
1040 4039 1098 4111 tu.
