2400 4478
130 210 210 295 187
383 148 410 207 ⁸
490 180 633 289 Ecriefio
660 190 821 274 mimam
884 286 887 292 ¹
1022 234 1026 243 ·

131 373 202 441 eet.
259 352 612 452 „ornamentorum
648 360 745 435 enim
781 354 930 435 suorum
971 353 1094 436 thecas
1130 372 1165 438 et

133 527 158 569 „
185 470 320 550 arculas
346 469 473 558 haber,
501 471 634 569 opibus
659 484 779 547 autem
805 467 951 579 ipoiiatn
982 471 1054 547 est:
1086 494 1162 567 non

133 640 160 683 ,,
189 585 240 660 ob
271 585 366 667 eius,
396 583 458 680 qui
490 605 568 658 eam
595 584 717 681 primo
748 584 940 683 exornavit
964 584 1161 673 inertium,

136 752 161 791 „
177 693 248 771 -sed
274 694 324 769 ob
349 716 503 780 eor-um,
534 695 698 792 quinon
724 710 764 771 ut
790 695 989 780 convenit,
1021 716 1077 771 res
1102 695 1164 772 ad·

135 863 159 903 „
190 805 407 899 ministrent,
423 804 737 905 improbitatem„
754 803 1099 884 utscribitissdorus.
1121 806 1163 885 ln

137 919 364 996 oecumenica
410 915 549 1016 synodo
588 911 780 1016 Epheiine
800 916 996 1013 patriarcha
1036 919 1162 999 Antio·

136 1031 274 1109 chenus
298 1040 425 1105 monet
445 1021 588 1114 Patres.
618 1042 707 1121 „ut
722 1048 767 1107 ne
790 1027 988 1113 finitorum
1014 1023 1160 1109 Petrum

136 1199 160 1238 „
183 1158 346 1218 canones
368 1153 645 1239 pateremur,
676 1162 793 1241 neque
813 1139 877 1216 sub
908 1138 1024 1238 specie
1049 1142 1162 1219 adrni-

136 1310 160 1349 „
190 1251 406 1328 nistrarionis
436 1269 555 1327 rernm
588 1251 763 1328 'sacrarum
794 1256 974 1352 potentiae·
995 1251 1159 1337 'secularis

133 1422 159 1462 „
187 1361 321 1466 typhus
350 1365 499 1464 irrepet,
530 1360 727 1464 seniimqu'e
754 1364 999 1463 imprudentes
1019 1382 1096 1442 enm
1117 1366 1159 1440 ii-

120 1492 123 1497 '
135 1479 359 1572 „bertatem
386 1479 613 1563 amittamus,
644 1498 751 1605 quum
773 1477 881 1552 u‘obis
906 1478 1059 1575 proprio
1083 1477 1160 1553 ian·

129 1645 160 1685 „
186 1592 298 1689 guine
332 1579 380 1664 D.
413 1584 467 1665 Ν.
494 1583 517 1664 l.
550 1585 620 1667 Ch.
640 1591 809 1665 omnium
836 1580 1039 1666 hominum
1068 1582 1158 1703 iibe-

134 1757 158 1804 „
187 1716 285 1780 rator
301 1694 454 1797 largitus
472 1697 572 1792 eii„
732 1730 734 1735 ·

219 1882 281 1972 Ea
291 1906 380 1971 tunc
400 1906 503 1969 erant
514 1902 714 1995 tempora,
745 1886 791 1971 de
811 1846 946 1995 ‘quibus
969 1912 1065 2001 mox
1084 1888 1156 1974 ier·

133 2028 283 2085 monem
325 2006 524 2081 iniiciemus
540 2054 565 2091 ,-
582 2002 756 2083 Ecclefiae·
781 2002 1000 2094 hierarchis,
1032 2031 1081 2085 ne
1119 2012 1155 2086 in

134 2115 367 2197 transversum
401 2129 621 2215 agerentur,
661 2116 885 2217 ·pericu10sa‚;
924 2120 1014 2199 dum
1048 2123 1152 2198 etium

133 2251 180 2308 ex
217 2224 324 2306 altera
362 2245 460 2326 parte
498 2242 599 2312 erant
630 2227 792 2327 scopuli,
838 2252 932 2331 quos
971 2232 1153 2310 cavendos

76 2383 81 2398 ·
132 2337 252 2419 Patres
294 2334 449 2418 Africani
482 2335 719 2418 'Caelestinum
756 2336 805 2419 Ῥ.
846 2358 1045 2430 monent,
1066 2344 1151 2433 dum

130 2454 252 2546 aiunt3
279 2450 444 2545 „Nolite
469 2447 693 2539 concedere,
719 2469 765 2530 ut
789 2450 973 2531 iumoiurn
1000 2456 1151 2556 typhum

128 2559 317 2659 „seculi
308 2589 345 2640 nr
371 2557 563 2661 Ecciefiam
579 2559 738 2652 Christi,
753 2584 847 2665 ·quae
875 2562 1012 2675 lucem
1021 2566 1150 2670 'ssmpii-

115 2733 153 2772 ,ω
178 2679 292 2756 citatis
319 2691 354 2754 et
382 2674 592 2759 humilitatis
622 2675 743 2763 diem,
767 2675 899 2755 Deum
935 2672 1073 2757 videre
1088 2703 1149 2761 cu

128 2789 357 2887 „pientibus
388 2788 551 2888 praefert,
590 2785 779 2865 videamur
818 2791 999 2888 inducere
989 2840 1056 2885 „
1101 2788 1147 2870 Pii

128 2903 367 2998 imperatores
377 2901 485 2995 (ut
476 2923 544 2978 rum
563 2895 958 2999 attigimusirribunal
976 2901 1038 2980 ieu
1058 2903 1146 2980 iudi·

127 3013 225 3089 cium
251 3010 408 3110 episcopi
439 3012 476 3089 in
507 3011 615 3089 ⁴caulis
643 3032 796 3113 quoque
821 3013 988 3093 civilibus
1018 3012 1146 3092 eonsti-

129 3137 294 3209 tuerunt,
326 3142 483 3223 quorum
502 3118 709 3208 arbitrium.
736 3126 870 3223 eoique
882 3124 1038 3202 liberum
1056 3126 1144 3215 elim

125 3233 314 3334 ampiedi.
330 3238 460 3334 quibus
482 3239 590 3312 rebus
610 3237 677 3313 sese
689 3249 876 3335 tantopere
890 3237 1063 3326 drstendr
1078 3254 1143 3315 tum

125 3346 218 3445 saepe
238 3364 441 3447 queruntur
468 3345 528 3424 88
548 3347 740 3455 pontifices
766 3347 995 3436 Ambrosius,
1027 3351 1142 3448 nugu-

125 3459 236 3535 stinus
269 3472 306 3533 et
344 3454 419 3533 ulii.
458 3458 557 3535 unde
593 3463 700 3536 etiam
732 3460 894 3561 proclive
927 3460 1000 3538 'suit
1034 3462 1080 3539 ad
1106 3482 1144 3539 ee

20 3566 23 3570 ’
126 3568 244 3647 officia
280 3571 432 3645 nimium
464 3570 547 3646 ferri
586 3575 772 3658 animum,
807 3586 863 3658 et,
890 3591 974 3653 ouae
1002 3577 1145 3675 potiore

124 3681 228 3766 sunt,
261 3678 474 3779 posthaberi.
540 3677 649 3759 Unde
674 3683 721 3759 de
750 3706 966 3784 quacunque
1002 3687 1143 3766 demum

116 3818 222 3885 .„re
223 3792 451 3886 ‚Caeterum
478 3795 597 3891 inquit
625 3795 658 3872 S.
681 3792 930 3896 Chrypiliumus
944 3793 1008 3888 a),
1039 3823 1141 3900 quan·

1016 3927 1094 3989 tum

157 4031 302 4111 a.)Hom
325 4031 412 4096 lxx
403 4051 435 4094 in
437 4051 519 4115 cap.
543 4031 580 4097 11.
603 4033 641 4096 ad
664 4033 796 4102 PhiLT.
818 4036 873 4104 XI.
896 4058 928 4120 p
951 4049 1023 4123 2⁶9.
1047 4063 1077 4110 n.
1100 4061 1125 4120 4.
