2438 4470
120 258 270 335 regnum
293 231 421 327 Christi
439 236 478 312 in
496 236 661 315 terrine.
683 229 905 319 XXXVIII.
965 259 1045 339 339

58 408 134 474 ator
145 393 396 482 zelosissimus,
417 412 638 495 accerneret
654 400 775 475 omnia
792 399 1045 504 susquedeque

57 510 124 595 cti.
155 503 382 608 tribunalque
407 505 565 585 Ecclesiae
585 507 679 586 eludi
700 525 807 609 atque
831 514 1040 606 censuram,

58 612 129 719 agis
150 618 331 718 magisque
359 609 516 696 diremto
544 613 628 696 soro
666 632 819 697 externo
849 638 886 699 er
929 628 1040 703 inter·
1107 688 1125 719 .,

58 760 63 802 ι
111 734 364 830 poenirentiae,
409 726 503 816 cuis
539 720 746 830 amplissima
780 724 964 813 erristo
1000 739 1039 818 in
1133 742 1153 783 '·

58 841 186 919 ostolis
223 842 339 918 relisia
363 838 522 922 Ecclesiae
553 842 715 927 clavium,
746 840 978 947 solvendique
999 872 1041 928 ac

58 955 145 1048 andi
166 954 358 1053 potestate,-
390 951 517 1050 finguli
545 952 664 1031 iideles
683 955 931 1055 cuiuscunque
950 982 1043 1038 con·
1120 1030 1125 1039 ,

58 1069 161 1142 tionis·
201 1077 243 1141 ac
283 1067 387 1142 slatus
431 1063 541 1144 essent
583 1058 739 1145 obnoxii
782 1077 824 1143 ac'
859 1069 1039 1162 obstridi.

66 1201 140 1253 non
155 1170 304 1257 semelio
322 1175 389 1253 suis
403 1177 559 1276 epistolis
575 1169 963 1277 loquiturGregoriusr
976 1206 1039 1260 ne·

58 1291 220 1389 [deinque
244 1285 332 1374 esse,
362 1291 423 1386 qui
449 1304 523 1364 non
544 1279 593 1362 ob
613 1300 799 1392 peccatum
816 1281 954 1367 indicio
971 1290 1040 1370 Ec·

58 1398 121 1476 :sie
137 1422 178 1476 ac
196 1399 349 1476 censurae
364 1397 487 1475 subiici
505 1392 669 1483 deberet,
692 1398 756 1476 suo
771 1397 803 1474 se
820 1405 960 1479 muneri
977 1402 1040 1481 de.

58 1509 159 1589 efibi
179 1504 389 1596 videbatur.
417 1505 480 1584 nin
499 1499 696 1608 depravatis
710 1503 969 1614 desperansque
984 1538 1040 1592 re.

58 1649 78 1700 ,s
101 1627 203 1700 omni
221 1619 255 1696 se
274 1616 352 1722 bisu-
375 1623 635 1720 imperterritus
652 1632 869 1722 opponetet.
927 1623 973 1703 Et
991 1624 1039 1706 fic

58 1737 152 1811 :ione
178 1734 313 1832 peccati
333 1727 395 1807 fibi
419 1734 455 1808 in·
476 1735 636 1810 animum
669 1725 836 1820 induxit,
866 1728 1039 1838 squidem

58 1836 137 1923 Deo
161 1834 323 1922 Ecclesiae·
345 1837 423 1920 data
445 1829 487 1918 sit
517 1843 668 1942 potestas
686 1839 865 1923 iudicandi
879 1845 1041 1947 spiritua·

67 2013 77 2043 ,
110 1979 174 2034 cnr
197 1970 273 2057 troo
293 1967 329 2031 et
352 1949 587 2061 temporalia.
615 1946 761 2057 quando
790 1960 827 2034 in
856 1957 923 2034 illis
944 1959 1040 2038 chri·

58 2070 113 2144 ani
135 2060 179 2144 ab
198 2057 322 2144 officio
345 2068 442 2143 iuxta
468 2066 566 2166 teges
596 2081 837 2170 normamque
860 2070 1040 2169 evangeli.

58 2199 90 2256 nr
108 2203 156 2278 ¹ac
173 2168 333 2256 Ecclesrae
347 2165 566 2272 sanniones,-
605 2181 664 2258 cui
686 2191 787 2281 aeque
806 2195 934 2285 omnes
958 2181 1038 2260 snb-
1148 2174 1152 2180 ’

58 2289 146 2378 ent,
188 2288 443 2367 desciscerent:
474 2292 631 2368 maxime
660 2305 779 2368 autem
809 2286 1041 2391 sipertlnt'ci·
1171 2310 1176 2319 ’

58 2429 67 2478 ε
102 2397 261 2480 Ecclefiae
293 2402 532 2477 obedientiam
565 2395 799 2480 detredlar'ent
824 2418 886 2480 aut
931 2429 1039 2483 cnoro

58 2519 142 2600 iter,
170 2512 325 2591 censuris
342 2504 577 2590 ecclebastlcis
600 2512 809 2601 coercendi.
833 2530 872 2591 ea
890 2537 1040 2594 excom-

58 2627 244 2703 uniationis
274 2614 379 2720 lege,
426 2637 467 2701 ut
493 2646 576 2701 cum
607 2627 929 2731 excommnnicatis
959 2616 1041 2705 nula

58 2760 150 2813 :enus
166 2738 447 2832 ,communicare
462 2734 585 2812 liceret
615 2728 798 2813 fidelibus}
837 2744 945 2836 atque
968 2737 1037 2828 ini,

58 2849 76 2925 ii
108 2859 341 2924 contumaces
378 2869 421 2924 ac
457 2844 604 2923 rebelles
643 2869 707 2947 pet
739 2860 873 2925 annum
904 2851 939 2923 in
976 2870 1041 2926 ex.-

58 2959 346 3064 nantunicatinne·
363 2952 673 3045 obsordescerent‚
706 2976 769 3056 per
804 2958 901 3055 leges
932 2962 1040 3038 etiarn

58 3069 186 3146 *latinas
205 3070 222 3163 (
232 3083 327 3145 tanta
345 3081 419 3144 erat
435 3059 531 3168 apud
550 3059 657 3171 laicos
672 3068 856 3169 religionis
875 3086 1041 3150 reveren·

58 3177 112 3271 n)
138 3179 289 3271 civiliter
303 3182 439 3259 mortui
454 3177 693 3258 censerentnra

99 3378 210 3468 Erant
230 3382 343 3490 porro
368 3395 458 3467 tunc
496 3377 724 3490 spissiores,
772 3403 859 3492 quas
877 3382 1054 3496 adeoque

58 3516 232 3581 nocenter
260 3501 400 3579 secutus
422 3490 471 3577 est
489 3501 676 3601 pontifex,
705 3503 802 3602 apud
830 3526 957 3582 omnes
977 3528 1041 3582 ex·

58 3641 70 3692 ι
92 3610 372 3690 controversiam
396 3609 535 3713 positae,
574 3608 684 3715 veluti
707 3616 813 3691 etiam
845 3613 1039 3693 decretales

58 3728 142 3803 uriae
162 3727 338 3801 anemine
358 3726 394 3799 in
423 3716 578 3801 dubium
605 3746 650 3802 eo
668 3733 834 3826 tempore
851 3732 951 3804 erant
976 3744 1042 3802 ro.

61 3849 114 3914 te.-
174 3832 270 3927 Quae
296 3850 382 3911 vero
417 3837 596 3942 praecipue
617 3832 726 3913 obiici
764 3833 949 3934 Gregorio
975 3854 1045 3936 po-

58 3941 86 4027 si
112 3940 289 4050 depositio
311 3941 458 4024 Henric'i
484 3944 549 4022 IV.
580 3966 620 4027 ea
640 3961 744 4028 antea
776 3950 845 4027 ianr
877 3949 1044 4046 aprinci-

387 4070 397 4095 ²
478 4053 565 4140 lla
881 4059 987 4160 pibus
