2400 4478
142 223 223 302 coo
429 190 432 199 ¹
486 206 627 332 &rufio
659 204 820 291 militans

139 397 188 452 nc
209 368 406 474 proliribit
441 369 524 462 lex,
569 369 765 458 nnlirorunr
799 369 1000 450 animorum
1030 372 1161 453 meniis

138 486 346 564 medicinam
364 481 488 582 facito.
549 482 690 564 Faitum
720 485 831 572 hinc,
881 501 921 563 ut
943 483 1162 565 Valentinia-

139 621 207 689 nus
231 598 333 687 aliam
361 595 525 674 indueret
547 609 726 680 mentem,
759 621 865 696 quom
892 611 1093 674 memorato
1113 596 1161 674 le·

138 710 253 808 geio
295 709 433 807 imperii
468 707 672 806 primordiis
701 707 955 808 presetulerat‚
1000 708 1161 787 lirenum

139 817 357 896 orthodoxae
390 816 471 894 fidei
490 818 659 894 'Nicaene
691 832 953 921 propugnator.
1036 818 1160 920 Quip-

140 952 186 1031 pe
211 930 341 1031 (quod
371 944 488 1006 narrat
520 926 810 1021 Theodorrtus)
834 942 1053 1035 comperto,
1097 928 1160 1010 elie

138 1043 177 1120 in
196 1039 270 1119 Afra
292 1057 328 1118 et
350 1039 501 1141 Phrygia
523 1039 766 1132 convellentes
790 1044 869 1119 erm
895 1038 1027 1131 fidem.
1074 1066 1157 1123 con·

140 1159 245 1231 vocat
266 1156 303 1229 in
328 1150 470 1253 lllyrico
504 1151 724 1239 concilium,
764 1152 813 1229 ibi
842 1148 950 1229 fldem
975 1152 1159 1235 Nrcaenan

140 1264 363 1350 constabilit,
394 1263 510 1340 rdiilo
538 1286 601 1363 per
627 1275 745 1338 totum
778 1265 968 1365 imperium
998 1270 1158 1366 promul-

141 1390 248 1475 gato,
275 1376 550 1452 communicatis
571 1375 676 1450 etiam
698 1373 842 1461 litteris,
872 1394 913 1451 ea
937 1373 986 1452 de
1003 1377 1160 1457 etruscin

143 1486 333 1568 Orientem
358 1485 461 1562 milis
492 1483 635 1562 Valenti
661 1484 781 1570 fratri.
812 1485 936 1562 frustra·
957 1492 1162 1569 commoui-

141 1611 209 1688 to,
238 1615 344 1699 atque
367 1597 473 1675 fidem
501 1596 618 1673 modis
643 1597 811 1674 omnibus
837 1595 1098 1678 sufflaminanti.

225 1786 362 1868 lnterea
390 1789 476 1868 dum
503 1790 578 1868 haec
602 1791 638 1867 in
669 1788 822 1871 Oriente
844 1788 1159 1891 defignabantura

141 1895 294 1980 Valente
318 1914 443 1978 contra
456 1900 730 1986 orthodoxam,
759 1900 865 1978 fidem
883 1903 1024 2002 prelia,
1057 1901 1161 1984 Occi·

143 2011 260 2088 dentis
271 2009 518 2090 Ecclesravero
534 2011 691 2111 auspiciis
710 2023 745 2088 et
755 2013 965 2091 audioritate
983 2014 1161 2116 sedisapo-

145 2123 276 2200 stolicae
296 2122 648 2223 apostolicorumque
665 2125 823 2200 virorum
846 2121 995 2215 Hilarii,
1015 2127 1162 2205 Ambro-

142 2232 179 2310 fii
203 2258 244 2312 ac
266 2251 477 2312 ceterorum
509 2234 689 2332 pastorum
706 2233 887 2333 vigilantia
910 2236 1157 2317 orthodoxum

142 2344 273 2432 fidem,
300 2347 440 2423 strenue
468 2345 678 2432 decertans,
726 2349 865 2424 eminus
901 2349 1157 2452 cominusque,

142 2470 325 2544 tueretur,
369 2455 560 2535 Gratianus
587 2453 746 2541 Valentis
775 2480 820 2534 ex
844 2457 955 2536 <fratre
988 2483 1104 2562 nepos
1126 2461 1156 2537 S.

142 2566 372 2647 Ambrosium
397 2583 518 2668 rogat,
551 2580 590 2644 ut
609 2565 670 2643 irbi
696 2571 1066 2661 commentationem,
1095 2594 1157 2673 qut

141 2676 217 2760 Filii
238 2677 310 2759 Dei
333 2676 495 2758 divinitas
519 2678 779 2766 adstrueretur,
807 2678 1054 2759 elucubraret:
1085 2704 1155 2786 quo

142 2791 290 2880 scilicet,
320 2808 449 2891 patruo
475 2816 493 2867 a
516 2789 648 2869 Gothis
670 2794 832 2866 mammis
855 2789 1016 2870 cladibus
1037 2792 1155 2872 affeilo

143 2905 317 3004 suppetias
342 2901 726 2985 monoschemus,
757 2918 792 2978 et
821 2905 988 3002 regiones
1017 2903 1156 2996 Ariano-

142 3037 222 3097 rum
251 3019 469 3113 contagione
509 3013 649 3090 inferias
682 3013 863 3100 aditurus.
907 3013 1156 3114 alexipharma-

141 3147 225 3204 cum
249 3127 375 3226 praesto
401 3125 554 3203 haberet.
612 3123 743 3201 Valens
765 3140 883 3201 autem
910 3120 1090 3219 Gratiano
1111 3128 1155 3202 in

143 3237 288 3323 ridens.
317 3237 524 3338 sociumque
551 3235 645 3337 quosr
676 3237 827 3312 vidioriae
855 3234 1080 3328 detreilans.
1107 3237 1155 3315 lu·

143 3345 368 3426 nestillrmum
396 3348 482 3425 illud
510 3347 667 3445 prelium
696 3349 1069 3446 preproperavit.,in
1089 3368 1154 3450 quc

142 3484 227 3538 cum
257 3459 427 3535 omnibus
452 3457 630 3536 orientalis
660 3460 799 3556 imperii
829 3458 960 3536 viribus
995 3457 1155 3561 profliga-

143 3588 223 3659 tus.
253 3570 325 3671 ipse
348 3568 472 3666 agresti
487 3568 675 3666 tuguriolo
690 3571 790 3645 vivus
807 3569 1017 3648 combustus
1040 3572 1091 3648 est
1108 3591 1154 3648 an.

146 3696 235 3778 378.
266 3679 471 3767 Laclantio,
498 3678 522 3757 fi
546 3678 784 3766 revivisceret,
813 3700 954 3758 novum
979 3682 1023 3758 de
1040 3680 1156 3766 morti·

141 3795 205 3877 ius
228 3791 484 3899 persecutorum
505 3805 758 3892 argumentum
780 3791 1007 3894 prebiturus.

1022 4014 1114 4138 Gra:
