2400 4478
202 222 353 297 regnum
388 194 518 303 Christi
545 196 733 272 interris.
763 220 793 274 e.
821 193 969 275 XVIII.
1032 219 1109 292 ιι,

61 367 119 452 fe,
150 361 349 464 u)quarum
369 363 535 462 primitiae
552 358 746 439 Cornelius
759 365 926 438 centurio
940 387 1025 440 cum
1043 364 1110 443 do·

61 501 127 554 mo
163 478 222 552 sua
250 475 342 563 fuit,
390 474 668 573 disceptantibus
695 474 843 572 quidem
875 475 1044 554 adversus
1068 479 1109 555 il.

61 592 165 675 lum,
190 592 253 689 qui
274 602 375 680 eraut
392 609 439 673 ex
454 583 738 673 circumcilioue.
797 584 901 663 Dum
928 611 1016 666 vero
1043 614 1110 688 po-

61 703 132 778 stea
156 702 200 776 ab
228 698 375 776 Herode
392 700 524 775 carceri
555 702 778 796 mancipatur
804 695 964 787 Petrus,
994 706 1111 782 aretin

61 811 162 904 fiebat
187 809 256 898 fine
278 809 524 906 intermiffione
540 809 588 896 ed
607 809 720 885 Deum
740 823 808 904 pro
829 833 878 897 eu.
939 812 1111 915 Cumque

61 931 133 1003 iam
167 924 409 1025 prudntiurus
438 921 522 1010 ellet
551 946 635 999 eum
664 919 853 1010 Herodes,
897 925 1003 1000 notle
1023 927 1111 1007 libe.

61 1054 162 1115 ratur
189 1039 234 1112 ab
251 1036 394 1138 angelo.
455 1033 712 1120 Efferveicente
732 1048 854 1111 autem
871 1045 1112 1118 contentione

62 1157 156 1228 iuter
185 1148 379 1231 couversos
403 1149 508 1223 etiam
533 1148 576 1230 ad
597 1145 705 1228 fidem
722 1144 875 1243 gentiles
892 1163 928 1235 et
949 1147 1108 1240 ludaeos,
1153 1168 1157 1182 ·

63 1278 217 1361 ortaque
247 1284 286 1344 ea
306 1261 351 1341 de
377 1261 477 1347 eausa
500 1259 703 1347 seditione,
733 1256 771 1355 b)
792 1259 992 1347 Antiochiae
1022 1259 1111 1341 Pau.

63 1377 118 1453 lus
135 1392 171 1450 et
194 1371 390 1462 Barnabas,
418 1397 493 1452 rem.
513 1387 552 1461 ut
574 1369 870 1468 uienounmam
895 1371 939 1459 ad
954 1373 1111 1472 Aposto-

65 1491 188 1565 lorum
226 1483 381 1574 tribunal
415 1486 624 1571 referrent,
674 1484 879 1571 mittuntur,
936 1482 1110 1587 Famaque

66 1622 201 1697 magna
223 1595 487 1696 conquisitione
517 1594 666 1691 [urgens
703 1592 827 1686 Petrus
861 1594 1042 1696 frequenti
1072 1602 1111 1676 iu

67 1711 229 1796 concilio
258 1709 466 1798 sententiam
492 1709 735 1813 pronuntiat,
767 1731 900 1806 quam,
932 1706 1111 1788 filentium

66 1840 213 1910 tenente
239 1824 342 1911 omni
375 1818 607 1908 uiultitudine
637 1833 673 1907 et
707 1819 875 1906 audiente
914 1818 1111 1911 Barnabaui

67 1952 100 2022 et
119 1933 292 2028 Paulum,
315 1932 496 2023 resumens
517 1931 668 2023 lacobus
682 1932 887 2030 apostolus,
919 1918 1109 2034 postquam

71 2073 113 2132 ex
145 2049 179 2124 S.
199 2046 328 2145 Script.
359 2041 617 2135 eonfitmallet,
648 2045 754 2143 plena
781 2045 1020 2132 austoritatis,
1051 2052 1110 2126 cui

69 2158 166 2249 uuila
190 2158 255 2249 alia
278 2157 470 2251 accedere,
510 2179 577 2234 uec
598 2150 783 2265 augustior
805 2154 874 2237 elle
898 2158 1038 2263 potest,
1069 2158 1111 2239 fit

71 2269 235 2360 decifio,
277 2272 504 2372 mittiturque
540 2268 769 2360 Antiochiam
803 2271 840 2341 iu
867 2267 943 2356 haee
977 2272 1109 2349 verba:

72 2382 195 2482 Visum
214 2381 423 2480 estSpiritui
439 2383 561 2478 sentio
588 2392 622 2468 et
644 2377 743 2470 nobis
766 2384 835 2469 &e
867 2380 982 2482 Quod
998 2399 1112 2463 teme-

71 2500 224 2596 entium,
257 2494 412 2604 nequid
441 2496 582 2590 grauius
611 2492 760 2581 dicam,
802 2493 917 2578 uideri
942 2491 1111 2591 poterat,

72 2626 111 2697 ut
143 2608 241 2694 [uam
276 2631 360 2698 cum
404 2605 523 2693 divina
564 2607 831 2702 coniungerent
871 2604 1110 2695 senteutiam,

72 2706 427 2816 austeritatemque,
479 2715 541 2805 ulfi.
573 2716 672 2803 lianc
697 2731 769 2802 tam
798 2713 964 2815 expressjs
993 2720 1111 2807 verbis

73 2834 254 2922 echtisto
283 2826 516 2927 aceepillent,
564 2842 604 2905 ut
632 2828 741 2926 paulo
764 2843 848 2907 aute
870 2851 916 2905 ex
945 2851 1011 2906 ote
1031 2856 1113 2909 om·

73 2948 172 3032 nium
207 2940 503 3040 evangelistarum
539 2940 752 3028 audivimus.
812 2939 967 3031 Additur
995 2932 1113 3043 porro

73 3056 94 3146 l
120 3081 151 3139 c.
177 3068 262 3146 tune
292 3050 458 3154 placuille
479 3049 636 3149 upuiloIis
659 3063 694 3138 et
710 3050 913 3149 senioribus
938 3077 1019 3131 tum
1040 3068 1115 3132 om-

73 3171 111 3244 ni
139 3161 307 3257 Ecclesem
350 3164 478 3259 eligere
505 3166 604 3250 eires
633 3188 680 3239 ex
708 3167 779 3251 eis,
820 3169 1023 3249 etmittere
1045 3171 1117 3245 An.

76 3280 238 3358 tiochium
254 3302 332 3368 cum
348 3276 460 3364 Paulo
474 3288 508 3365 et
528 3269 723 3364 Burnubu,
743 3275 889 3366 Iudam,
914 3283 977 3373 qui
989 3282 1116 3380 cogno·
1157 3275 1160 3282 ’

78 3391 279 3485 ninuletur
310 3387 515 3487 Bursobus‚
565 3400 598 3469 et
620 3387 760 3476 Sileni,
798 3393 935 3486 primos
965 3417 1010 3470 ex
1032 3391 1118 3493 fru-

79 3503 211 3592 tribus,
243 3501 436 3601 scribentes
462 3518 527 3599 per
556 3524 681 3578 monus
717 3491 902 3601 ipfiirum,
948 3507 1042 3602 qued
1061 3508 1118 3583 de-

80 3629 208 3693 cretum
223 3614 267 3692 ub
287 3613 363 3713 ἱρῆς
379 3611 507 3709 fueret
530 3614 636 3711 (data
667 3614 713 3690 de
745 3617 920 3715 legalibus
954 3622 1120 3695 nomina-

82 3730 140 3819 tim
163 3725 273 3829 lege)
299 3725 394 3804 nihil
420 3724 519 3803 ultra
548 3730 755 3824 imponere,
785 3725 851 3821 nili
879 3728 950 3806 hee
975 3727 1120 3828 neceffa.

585 3887 624 3968 H
651 3906 681 3992 4
982 3892 1063 3983 riu,

120 4046 153 4126 a)
175 4047 236 4110 in
261 4043 303 4108 x„
327 4044 382 4111 xi.
407 4064 436 4111 κ.
490 4046 524 4123 u>
545 4046 607 4110 iu
631 4045 700 4109 xv.
