2400 4478
106 231 157 307 ας
460 213 603 312 Ecclefio
630 212 789 295 militarit

99 388 217 460 rimus
246 391 381 476 recepta
403 376 490 464 iulia
512 376 755 475 promifflone,
786 379 897 456 deleta
921 381 1128 478 iniquitate}

102 497 242 572 elevatis
257 494 343 566 oe'ro
355 495 484 568 curretis
509 518 529 566 n
544 490 695 567 Delmino
708 516 718 565 :
732 486 948 587 pareremus,
968 496 1126 591 inquam,

96 619 179 684 trine
201 603 345 679 eundem
374 603 464 679 diem
485 604 650 691 reddere,
681 602 745 699 ἱρή
761 609 867 702 peius
888 596 1000 695 santii
1018 605 1128 704 effodi.

94 716 247 796 Domum
275 715 344 793 illia
375 716 480 791 dicit:
524 715 722 803 Novilunia
748 717 885 803 velita,
924 732 961 793 et
989 718 1133 799 Sabbata

93 830 204 904 tellra
231 850 308 903 non
338 827 427 902 fero.
490 826 629 906 Cernite
664 850 732 920 qua
764 830 903 902 ratione
944 824 1136 925 laqueare:

93 939 180 1018 Non
199 931 289 1013 mihi
315 950 461 1043 arrepta·
471 938 558 1036 farn
570 938 754 1034 prasentia
770 937 921 1016 Sabbata
932 963 944 1033 ;
966 939 1035 1037 sed
1054 943 1130 1034 iio,

93 1074 166 1148 que
174 1047 250 1149 jeci
261 1073 272 1124 .·
302 1051 436 1147 quando
458 1049 593 1144 scilicet
618 1048 787 1142 uni-oerfis
799 1049 913 1142 finem
932 1054 1129 1149 imponens,

92 1166 211 1239 oilavi
234 1163 304 1238 diei
323 1159 461 1260 fariam
487 1166 656 1253 initium,
688 1162 752 1237 hoo
769 1160 814 1251 eli
829 1166 975 1238 initium
990 1163 1133 1245 alterins

90 1275 224 1352 mundi.
286 1274 419 1350 Idcirco
445 1285 476 1349 et
516 1275 606 1348 diem
635 1276 794 1349 ananam
828 1277 867 1348 io
906 1268 1040 1351 latitia
1055 1281 1134 1370 aqi.

88 1412 170 1464 neus
186 1411 200 1479 ‚·
218 1391 257 1462 in
282 1411 348 1485 qao
372 1397 404 1462 et
427 1385 516 1483 Iesus
544 1384 745 1487 reitanrexit
771 1391 980 1472 amortuis,
1003 1400 1038 1463 et
1055 1412 1132 1466 eum

95 1498 329 1601 apparuiffet,
349 1500 501 1596 aseendit
518 1502 554 1571 in
571 1497 700 1574 rodurn.
744 1496 781 1586 a)
795 1497 889 1594 Quae
903 1499 945 1573 ad
964 1498 1062 1577 hunc
1080 1503 1135 1578 lo-

93 1637 178 1691 cum
203 1617 295 1688 inter
326 1610 388 1685 alia
419 1610 621 1688 cotelerius
646 1613 794 1687 adnotat
818 1634 864 1686 ex
892 1610 987 1688 libro
1014 1612 1134 1691 Sacra·

93 1740 302 1800 meatorum
323 1723 380 1796 seu
401 1719 563 1819 Liturgia
584 1725 617 1799 S.
633 1723 831 1821 Gregorii,
876 1746 950 1797 rena
981 1745 1131 1803 ornnem

91 1835 298 1911 dilucidant
358 1832 449 1907 Sunt
475 1852 593 1908 autent
623 1834 725 1910 haec:
767 1833 846 1936 Quo
863 1832 978 1923 fiodo
991 1832 1135 1932 flandrie*

91 1947 233 2020 numeri
259 1939 469 2039 perfeetione
502 1948 543 2015 in
571 1942 636 2017 hoe
663 1942 779 2039 seculo
814 1948 986 2034 vinatis;
1020 1958 1056 2021 et
1093 1953 1134 2025 in

83 2058 286 2156 septenario
308 2057 402 2128 inter
418 2053 599 2128 beatarum
620 2054 817 2148 Spiritaum
832 2061 981 2150 agmina.
993 2065 1135 2155 requie.

83 2170 223 2264 scatit.
253 2178 420 2264 qreatenns
448 2169 485 2241 in
510 2167 629 2240 oliano
654 2164 905 2261 reserereiiione
936 2178 1131 2260 renovati,

90 2279 222 2357 taliter·
245 2276 434 2372 remiffione
464 2279 570 2354 ditati
595 2277 644 2352 ad
659 2277 798 2371 gandia
814 2277 888 2369 ine
900 2279 977 2374 fine
990 2281 1136 2381 mansu.

90 2415 136 2469 ru
153 2394 381 2494 perveniatis.

148 2554 361 2655 Congruit,
389 2551 623 2649 cohaeretque
645 2547 791 2648 systema
816 2549 923 2624 iuxta.
950 2549 1135 2635 calculum

91 2667 328 2771 Septuaginta
347 2669 611 2761 interpretum,
638 2683 745 2758 quem
774 2657 883 2735 ludaei
912 2658 1136 2756 helleniliae,

91 2778 283 2879 omnisque
299 2776 493 2877 antiquitas
516 2768 741 2849 ecclelialtica
760 2769 876 2848 secuta
891 2771 967 2864 est3
1000 2794 1139 2871 quem.

91 2914 166 2991 que
200 2889 235 2965 S.
253 2886 478 2988 Hippolytae
506 2883 540 2959 S.
565 2881 688 2960 irenaei
722 2882 915 2982 discipulus
941 2881 990 2961 fic·
1014 2889 1132 2986 expli.

90 3017 173 3090 cat,
205 3017 246 3077 ut
262 2996 444 3077 Christum
465 2995 613 3073 uenum
632 2995 760 3072 mundi
774 2998 968 3098 quinquies
988 2996 1132 3076 millelt.

88 3136 155 3191 mo
176 3105 470 3209 quingenteiimo
492 3127 592 3184 anno
622 3123 747 3184 natum
766 3108 943 3185 existimet
968 3112 1007 3184 in
1034 3106 1145 3186 libro

89 3224 137 3302 de
157 3222 376 3301 Antiahristo
405 3218 606 3316 (aPhotlo
634 3220 771 3297 idcireo
799 3219 1065 3320 reprehensus)
1094 3233 1129 3298 et

89 3336 388 3434 interpretatione
419 3330 584 3409 Danielis
599 3325 640 3419 ie)
661 3354 779 3432 nuper
796 3328 928 3406 Romae
947 3336 986 3405 in
1010 3331 1129 3408 lucem

88 3442 278 3550 protratiass
337 3444 372 3522 S.
400 3441 554 3521 Irenaeus
586 3440 715 3518 eodem
746 3441 862 3515 modo
893 3439 1060 3535 loquitur>
1082 3441 1132 3513 de

106 3581 152 3635 ex
174 3554 275 3634 mille
286 3558 409 3643 anuis,
441 3556 573 3656 quibus
598 3555 720 3628 omnia
744 3546 1021 3624 consummanda
1037 3541 1132 3634 sant,

87 3665 122 3758 t)
147 3684 187 3746 ut
222 3665 248 3744 8
276 3666 491 3745 Barnabae:
529 3687 686 3761 cumque
707 3659 923 3758 praecipuus.
958 3654 999 3732 fit
1024 3661 1130 3754 regni

86 3780 281 3866 millenarii
301 3776 473 3867 alienor,
499 3773 783 3878 explicationem
804 3769 852 3844 de·
875 3767 1073 3956 [ερῑεξῗετίο
1094 3782 1128 3847 et

932 3904 956 3956 o
993 3904 1075 3955 ena·
1108 3924 1114 3939 -

88 3997 91 4004 ¹
129 4056 164 4129 a)
185 4069 215 4131 p.
237 4052 294 4128 λγ..
333 4045 367 4124 l)
389 4063 417 4124 p.
443 4061 492 4123 99.
537 4044 568 4121 a)
588 4038 639 4106 lin
654 4039 690 4104 l.
715 4049 816 4102 contra
834 4032 963 4098 haereses.
987 4052 1012 4096 o.
1038 4042 1086 4104 28·
