2400 4478
59 251 62 255 ’
146 267 148 271 ¹
239 248 389 324 regnum
413 220 542 311 carior
565 193 732 303 interris
758 243 786 298 r.
814 219 941 300 XXX.
1038 239 1117 319 265

29 425 46 474 ι
80 403 115 491 ’,,·
133 391 220 470 licet
246 391 315 465 iam
338 386 507 487 spoliatos
534 402 642 486 atque
657 386 829 472 vastatos,
863 387 983 465 minos
998 377 1121 464 tamen

29 570 42 597 ,
81 500 405 603 ’,ενεῐῑοετεϋυε
427 495 550 582 fuiffe,
580 521 687 599 quam
710 500 885 580 moribus.
948 497 1136 592 Quamvis.

29 628 47 699 ᾗ
85 673 109 713 ,,
139 619 237 694 enirn
256 610 484 712 depopulatis
502 613 571 685 iam
588 618 696 707 atque
716 610 857 687 nudatis
877 610 1012 712 aliquid
1025 609 1124 708 supe-

37 726 54 810 ξ’
87 787 112 824 ,,
140 741 233 806 terat
264 727 308 800 de
330 725 539 810 substantia,
572 721 660 796 nihil
688 735 806 797 tamen
840 723 884 798 de
917 722 1123 818 disciplina,

29 878 46 923 a·
92 899 115 935 ,,
142 841 229 916 adeo
247 841 430 938 graviores
451 838 485 909 in
502 834 611 910 semet
635 833 754 912 hostes
775 838 932 910 externis
962 833 1124 913 hostibus

29 991 45 1040 5
86 1010 110 1048 „
138 967 265 1036 erant,
298 964 338 1027 ut
356 949 439 1024 licet
462 946 650 1024 abarbaris
672 948 741 1022 iam
760 943 868 1022 everfi
894 944 1027 1032 effent,
1055 947 1125 1026 aso
1182 943 1185 950 ’

29 1097 55 1151 a·
88 1121 112 1160 „
136 1078 256 1141 tamen
274 1064 387 1159 magis
402 1074 657 1136 everterentur.
716 1055 891 1156 Lugubre
905 1059 954 1134 est
971 1059 1126 1150 referre,

29 1200 61 1262 εἰ
86 1233 110 1271 ,,
141 1200 221 1275 quae
239 1177 411 1258 vidimus,
433 1172 530 1249 senes
550 1171 780 1256 honoratos,
809 1170 1012 1268 decrepitos
1033 1173 1128 1249 chri.

33 1326 109 1384 ;„„
141 1290 311 1382 stiauos,
361 1287 575 1360 imminente
620 1285 689 1358 iam
731 1281 932 1359 admodum
975 1286 1126 1363 civitati:

29 1432 111 1513 ,1,1-·,,
144 1400 310 1483 excidio,
342 1398 437 1495 gulae
453 1394 644 1474 etlasciviae
663 1393 853 1470 servientes
871 1451 904 1486 ,,.
949 1394 1129 1473 ldemlib·

41 1538 52 1559 ··
84 1535 174 1589 rum
190 1510 270 1588 V'lt.
304 1509 348 1584 de
368 1508 694 1584 Gununnn'rrono
714 1505 792 1583 Dm
811 1505 986 1594 exorsus,
1006 1509 1128 1585 obiec·
1159 1569 1161 1573 .

39 1662 48 1669 ·
83 1629 231 1701 tionem
261 1620 355 1697 illam
376 1619 587 1699 solvendam,
600 1616 761 1718 suscipit,
793 1642 864 1719 qua
884 1617 981 1696 forte
994 1624 1133 1722 cuique.

88 1738 129 1812 in
152 1749 312 1809 mentem
332 1733 475 1817 veniat,
499 1787 521 1822 ‚2
548 1729 633 1808 hinc
659 1732 815 1808 maxime
830 1732 998 1831 probari,
1023 1732 1128 1833 quod

89 1903 114 1941 „
144 1870 218 1922 non
240 1845 397 1942 respiciat
417 1868 477 1919 res·
499 1842 670 1919 humanas
687 1840 813 1937 Deus,
845 1846 928 1944 quia
945 1868 1030 1922 cum
1053 1843 1130 1947 Ro,

85 1959 239 2053 „emani
257 1956 441 2056 quondam
456 1957 583 2053 pagani
596 1968 631 2030 et
644 1957 814 2042 vicerint,
834 1969 871 2032 et
885 1960 1126 2055 regnaverint,

44 2072 54 2087 ‘
87 2127 112 2164 ,,
145 2093 243 2145 nunc
256 2068 434 2144 christiani
450 2082 485 2143 et
502 2069 701 2153 vincantur,
715 2081 751 2142 et
771 2065 969 2161 serviant„.
1002 2066 1046 2149 Et
1062 2094 1130 2169 po*

91 2184 164 2259 stea
180 2206 208 2280 o.
229 2193 263 2266 8.
276 2181 326 2256 de
344 2180 499 2255 barbaris
511 2181 680 2278 gentibus
698 2180 930 2277 quaestionem
945 2182 1129 2259 instituens

88 2296 241 2395 quaerirr
271 2349 293 2383 „
333 2290 435 2384 Quid
460 2292 527 2377 est,
557 2291 658 2391 quod
684 2289 786 2369 Deus
817 2293 936 2369 noster
957 2294 1130 2372 maximas

48 2398 52 2404 ’
91 2463 117 2500 ,,
148 2401 354 2504 reipublicae
374 2428 462 2504 opes
480 2415 515 2478 et
529 2400 824 2501 locupletiffimos
842 2402 998 2484 Romani
1013 2410 1132 2483 nomi.

87 2521 199 2624 „nis
229 2516 387 2615 populos
419 2519 454 2590 in
477 2518 531 2591 ius
562 2513 783 2615 potiffimum
819 2516 1129 2613 ignaviffimorum

94 2686 119 2725 ,,
150 2629 336 2728 quondam
352 2628 507 2708 hostium
533 2624 653 2710 dedit?
685 2625 810 2723 Quid?
830 2625 892 2703 nifi
910 2645 948 2708 ut
960 2630 1134 2726 agnosce
1188 2677 1192 2683 -

89 2798 114 2849 ,,
143 2765 264 2816 remus
284 2738 433 2845 scilicet,
465 2737 567 2837 quod
584 2738 793 2836 supradixi,
825 2742 1039 2816 meritorum
1058 2739 1131 2818 hoc

29 2895 34 2903 ·
87 2850 258 2955 „furna
291 2876 367 2927 uon
398 2841 554 2936 uirium,
591 2867 703 2948 utque
730 2848 844 2967 ipsum
872 2849 946 2929 hoc
972 2853 1104 2929 nobis
1094 2877 1132 2930 rn

37 3060 43 3068 .
69 3008 116 3061 -.,,
146 2962 398 3041 confusionem
425 2962 568 3050 caderet
587 2975 622 3037 et
642 2985 802 3059 paenam,
835 2962 936 3069 quod
957 2963 1133 3063 ignauiffi-

91 3131 118 3174 ,,
149 3097 215 3152 mrs
234 3077 456 3164 traderemur
473 3077 541 3150 &c
570 3071 657 3178 „Et
680 3075 861 3171 posteac
901 3096 957 3159 ¹2·
989 3134 1012 3171 ,,
1036 3078 1133 3155 ludi

45 3258 52 3271 .
90 3246 116 3285 „
143 3212 269 3278 camur
294 3192 413 3287 itaque
437 3190 543 3273 etiam
563 3185 735 3286 praeseote
760 3187 895 3273 iudicio
922 3212 941 3270 a
953 3177 1070 3278 Deo:
1097 3203 1135 3278 et

29 3314 55 3339 ⁵·
79 3359 119 3400 1,,
148 3302 233 3389 ideo
249 3303 399 3384 excitata
415 3301 492 3386 est
483 3325 516 3373 m
533 3301 783 3397 perniciemne
799 3299 953 3380 dedecus
968 3303 1134 3392 nostrum

29 3406 31 3413 ’
90 3472 115 3516 ,,
148 3437 257 3512 gens,
289 3437 369 3513 quae
398 3411 573 3494 deloco
564 3436 599 3486 ro
618 3410 740 3487 locum
771 3435 947 3513 pergens,
978 3416 1023 3491 de
1044 3419 1135 3494 urbe

39 3573 46 3584 -
89 3551 181 3634 ‚m
204 3527 328 3614 urbem
351 3518 543 3610 tranfieus
577 3524 736 3613 universa
763 3520 918 3610 vastaret
979 3528 1032 3617 Ac
1063 3531 1136 3625 pri

29 3654 36 3663 ·
83 3646 116 3747 1,,
149 3656 250 3713 mum
272 3662 289 3712 a
311 3636 387 3711 solo
408 3638 565 3765 patrio
546 3635 639 3711 effus
635 3662 654 3710 a
673 3637 777 3711 estro
806 3636 1037 3718 Germaniam
1065 3641 1136 3738 pri..

36 3813 45 3826 .
92 3807 121 3858 ,1,
150 3774 271 3832 mam
313 3753 465 3834 nomine
496 3749 703 3839 barbaram,
749 3749 887 3839 ditione
912 3749 1134 3839 Romanum:

93 3861 230 3976 „post
247 3863 350 3945 cuius
371 3862 522 3936 exit-ium
540 3857 620 3935 arnt
635 3862 738 3958 regio
757 3844 976 3970 Belgarum,
1005 3861 1138 3938 deinde-

92 4025 125 4084 ,1,
150 3997 240 4088 opes
273 3971 538 4086 Aquitanorum
570 3971 861 4069 luxuriantium
889 3989 924 4049 er
953 3972 1033 4071 post
1062 3974 1141 4063 haec-

524 4080 559 4171 R
592 4103 1085 4197 51,chqu
