2400 4478
120 252 209 332 m
486 229 632 325 Erchia
658 230 819 315 militant

123 421 255 485 error,
291 389 490 476 Vertumni
518 397 625 474 instar
647 400 779 485 variam
811 394 965 486 induens
1000 391 1162 491 faeiem,

123 510 311 614 plerisque
333 531 379 586 ex
398 511 529 599 ordine
552 507 784 588 e'ccleiiottico
808 508 991 608 episcopis
1021 510 1163 601 haeteti,

123 641 258 702 corum
283 618 530 722 antelignanin
568 621 651 701 Nec
670 624 797 711 Ariona
821 621 938 699 solum
955 622 1037 711 lues
1053 621 1164 724 Cpoli

123 729 376 835 grnffabotor,
420 733 713 837 Arianorumque
741 733 829 821 setin
862 731 1007 833 peffinro
1041 732 1165 827 Euno-

125 849 358 933 minoorum,
388 868 513 924 verum
549 850 657 929 etiam
684 862 814 946 praeter·
841 858 979 927 vererer
1013 845 1135 939 haeres
1160 928 1163 933 ,

125 955 451 1046 Novatianorum,
478 954 761 1039 sabellianorum
784 1015 798 1054 a
827 955 1162 1049 Photiniooorum,

124 1065 478 1157 Marcellianorum,
508 1092 632 1148 recens
651 1070 986 1169 Apollinaristarom
1022 1088 1063 1151 et
1087 1072 1163 1164 Ma.

124 1182 537 1281 cedonianorurn'caput
551 1184 757 1280 erigeb'ant,
774 1182 922 1284 haecque
940 1180 1162 1297 ootissimum

123 1293 313 1393 coriphaeo
352 1292 571 1381 Macedonio
603 1294 707 1395 episc„
747 1293 982 1399 Cpoiitanffi,
1038 1312 1162 1387 contra

126 1429 239 1507 quem
272 1408 420 1508 eiusque
452 1405 636 1485 sectatores
671 1406 1054 1506 pneumatomachos.
1097 1433 1162 1509 po.

124 1514 296 1597 tissimunr
315 1518 516 1597 curandum
545 1520 616 1610 fnit
638 1516 800 1610 Patribus
826 1518 975 1606 concilii
999 1519 1161 1620 Cpoiitn·

123 1633 164 1708 ni
183 1630 208 1708 1.
237 1650 278 1710 ut
301 1644 390 1709 tunc
412 1631 550 1710 exulari
574 1629 668 1733 quoii
689 1629 800 1730 Cpoli
817 1629 938 1715 saitem
960 1632 1074 1709 videri
1092 1657 1158 1732 po·

125 1738 244 1820 tuiffet
274 1740 398 1818 Ariana
424 1741 581 1846 heretis,
610 1740 674 1833 niii
699 1739 816 1835 fuisset
836 1743 970 1834 iterum
995 1742 1159 1838 aGothir

126 1851 268 1935 Ananis
290 1854 450 1933 confota.

212 2012 469 2109 Quamobrem
500 2017 649 2095 ineunte
677 2015 742 2094 sec.
772 2012 820 2100 V'-
847 2013 975 2105 eadem
996 2021 1162 2106 constan·

126 2127 195 2212 tia,
227 2152 336 2228 quom
362 2127 475 2204 modo
501 2131 537 2202 in
561 2128 595 2204 S.
616 2124 808 2214 Ambrofio,
831 2127 989 2211 vidimus
1019 2128 1162 2210 Medio-

125 2229 200 2315 lani
226 2242 260 2315 in
283 2237 425 2317 ecclelia
440 2237 673 2326 occidentali,
704 2239 886 2340 agendum
903 2239 973 2328 fuit
992 2241 1031 2321 S.
1048 2243 1161 2346 Chry·

125 2349 289 2428 soltomo
314 2350 423 2451 Cpoli
459 2353 493 2428 in
524 2349 712 2436 Oriente,
768 2376 815 2428 ne
849 2351 995 2440 ecclelia
1027 2357 1159 2448 Arianis

125 2462 414 2550 concederetur,
447 2486 555 2565 quam
577 2462 708 2542 Gainos
735 2462 911 2551 Gothus,
939 2466 984 2541 ab
1005 2466 1159 2549 Arcadio

124 2576 294 2676 magister
318 2574 453 2653 militiae
482 2575 719 2665 constitutus,
752 2577 901 2658 Arianos
925 2574 991 2654 fibi
1023 2579 1159 2682 suisque

124 2690 370 2785 constituerat.
396 2684 435 2773 o)
466 2685 1027 2788 AdvocavitS.Chrysostonnum
1054 2696 1161 2796 impo.

121 2815 248 2897 rator,
277 2801 365 2902 quid
384 2798 515 2890 Gainas
535 2801 750 2902 postularet,
780 2804 961 2900 exponit,
1013 2808 1157 2909 eiusque

123 2904 379 3015 potentiomac
396 2914 645 3013 tyrannidem,
666 2937 775 3013 quarn
796 2910 890 2987 haud
914 2913 1072 2996 obscure
1091 2943 1160 2996 nne»

123 3024 270 3117 ἀῆῑςιψ.Ι
328 3026 376 3119 At
401 3024 491 3116 nihil
509 3026 565 3106 his
585 3038 706 3102 motus
732 3024 766 3103 S.
791 3022 920 3115 Praeiul
940 3027 1156 3128 respondet,

123 3133 351 3233 imperatorin
373 3159 449 3229 non
470 3136 538 3214 effe
555 3138 634 3215 talia
654 3137 836 3236 polliceri,
869 3160 938 3219 nec
957 3137 1080 3223 danda
1097 3139 1158 3234 effe

122 3246 238 3341 santio
263 3250 435 3343 canibus:
479 3249 513 3327 se
541 3250 739 3332 catholicos
761 3247 905 3326 ecclesia
930 3253 1065 3333 eiicere
1086 3279 1155 3342 non

123 3356 250 3459 poffe„
296 3374 336 3452 ut
364 3358 501 3453 Arianis
530 3361 704 3455 haereticis
735 3376 860 3463 pareat.
919 3364 1006 3443 Nec
1031 3370 1155 3458 minori

123 3469 321 3554 constantia
366 3468 428 3573 ipsi
451 3471 577 3559 Gainae
607 3499 682 3549 renn
710 3467 885 3573 negavit,
915 3500 1081 3583 eumque
1099 3504 1156 3583 oo·

121 3583 217 3667 stoa,
235 3596 275 3657 ur
288 3581 403 3683 porro
422 3601 540 3675 narrat
557 3583 814 3671 Theodorerus
826 3595 1153 3690 c.33.tyranniden

121 3695 326 3781 molitum,
368 3694 441 3792 ipse
471 3694 632 3795 suscepto
650 3701 689 3789 in
710 3695 901 3783 Thra-ciam
919 3703 1055 3793 itinere
1069 3706 1150 3790 adit,

119 3805 279 3909 benigne
307 3809 456 3910 quidem
484 3809 687 3918 susceptus;¹
724 3809 817 3903 bella¹
841 3834 928 3902 vero
953 3814 1040 3904 iile,
1083 3838 1152 3920 quo

999 3930 1109 4011 nihil·

163 4077 199 4156 e)
220 4073 401 4142 Theodoret.
423 4075 474 4144 lib.
498 4074 533 4141 V.
554 4096 580 4142 o.
604 4091 653 4156 32.
