2400 4478
136 223 222 306 256
524 211 665 304 Eordaia
684 216 843 299 mllitmn

104 468 108 477 ι
134 434 157 470 ,,
187 370 343 453 tullliet?
371 375 493 476 inqua
514 378 663 473 persona
689 377 811 457 Deum
832 381 976 461 timeret
995 382 1049 487 i„
1090 391 1161 471 Ala.

135 493 253 572 ricus,
284 510 390 586 quern
408 488 606 566 conielium
632 491 794 569 Socrates
811 490 850 581 o)
868 494 1108 581 Sozomenns
1133 522 1160 583 et

134 601 190 678 alii
211 599 401 684 testantur,
441 598 476 675 se
505 601 614 676 veluti
653 605 804 679 invirum
843 608 1159 705 impellianescio

135 736 233 814 quo,
264 709 349 784 teste
368 706 659 813 Orofiodihoc
684 729 903 814 praeceptum
942 718 1018 799 luis
1048 725 1156 816 dedit,

135 821 292 918 deliqui
309 823 348 895 in
358 818 483 915 santia
508 823 583 900 locu
596 829 767 922 precipue
787 828 835 902 nd
854 825 1063 916 fundorum
1080 841 1157 934 Apo·

122 933 296 1029 stolorum
325 930 425 1008 Petri
448 945 482 1010 rt
503 932 609 1010 Pauli
631 934 783 1023 bailiam
815 935 1073 1040 confugiffirnt,
1098 951 1153 1028 lus

132 1050 310 1145 imprimis
331 1042 516 1122 inviolatos
530 1044 736 1144 securosque
755 1047 816 1149 effe
830 1049 1005 1146 finierant.
1065 1059 1149 1139 Tum

132 1160 249 1240 relatis
277 1159 369 1245 illis,
416 1181 494 1259 qnae
524 1160 633 1260 paulo
673 1177 754 1236 ante
783 1185 828 1238 ex
860 1165 999 1245 eodem
1032 1169 1150 1252 Orolio

132 1275 177 1353 de
203 1272 237 1352 S.
258 1271 471 1350 Innocentio
490 1269 524 1349 P.
551 1277 852 1363 memoravimus,
877 1285 1028 1377 pergit:
1057 1338 1078 1377 „
1096 1284 1148 1362 Di.

132 1443 155 1482 „
185 1385 422 1466 [currentibus
450 1386 569 1483 itaque
593 1407 656 1485 per
681 1387 806 1461 urbem
835 1388 1026 1482 barbaris,
1068 1399 1146 1474 forte

132 1558 155 1596 „
185 1524 278 1581 unus
298 1487 535 1581 Gothor'um,
567 1496 734 1595 idemque
763 1511 891 1595 potens
936 1517 977 1580 et
1010 1507 1142 1586 christia.

130 1670 155 1712 „
180 1638 269 1699 nus,
299 1610 428 1688 sacram
452 1608 534 1685 Deo
555 1611 730 1705 virginem
747 1611 815 1686 iam
836 1626 941 1690 aetate
961 1620 1139 1715 profetiam

131 1784 154 1825 ,‚
185 1731 221 1805 in
248 1725 398 1827 quadam
428 1717 652 1797 ecclesrastica
680 1720 792 1796 domn
821 1727 979 1821 reperit:
1006 1754 1140 1832 cumque

130 1896 153 1938 „
181 1840 225 1920 ab
243 1860 282 1916 en
302 1856 431 1913 nurum
458 1848 720 1931 argentumque
744 1831 890 1910 honeste
919 1843 1137 1938 exposceret,

129 2010 152 2051 „
181 1950 238 2033 illa
257 1946 348 2026 fideli
377 1942 569 2023 constantia
593 1941 660 2020 effe
682 1944 777 2041 apud
801 1941 834 2020 se
862 1945 1088 2044 plurimum,
1112 1970 1140 2033 et

128 2123 151 2165 „
179 2084 267 2145 araon
309 2054 569 2162 proluendum
620 2055 848 2154 spopondit,
903 2082 948 2135 ac
990 2067 1136 2162 protulit,

127 2238 150 2275 ‚,
179 2176 354 2277 Dumque
377 2166 549 2274 enpofitis
564 2168 713 2266 opibus,
743 2170 939 2246 attonitum
964 2175 1138 2256 barbarum

125 2348 147 2390 ‚,
177 2286 436 2392 uragnltudine,
453 2298 490 2360 et
504 2281 667 2382 pondere
682 2302 723 2355 ac
738 2278 1032 2377 pulchritudine,
1052 2293 1140 2387 igno.

127 2460 150 2505 „
178 2418 213 2485 ta
236 2407 342 2481 eliam
377 2400 538 2475 calorum
566 2391 732 2493 qualitate
762 2390 1010 2488 intelligeret,
1047 2405 1135 2500 virgo

126 2576 150 2617 „
179 2512 298 2598 clrrllli
333 2510 377 2590 ad
425 2510 612 2588 mcbarom
651 2505 718 2579 ait:
761 2500 847 2578 Haec
873 2501 974 2584 Petri
1013 2515 1135 2612 apollo

126 2684 149 2729 „
177 2628 201 2708 ll
220 2632 309 2707 lacta
336 2622 524 2701 ministeria
553 2616 641 2692 sunt
671 2612 871 2700 Praesume,
895 2614 919 2690 fi
946 2626 1078 2713 audes,
1102 2626 1134 2700 de

125 2798 147 2839 „
177 2738 269 2820 rano
283 2754 324 2815 tu
346 2728 493 2809 videris!
512 2727 589 2823 Ego
612 2730 694 2824 quia
715 2724 905 2803 defendere
928 2754 1011 2808 non
1027 2738 1134 2825 valeo,

124 2906 146 2946 „
176 2868 294 2946 neque
324 2862 444 2920 tenere
476 2838 601 2912 audeo.
660 2832 833 2913 Barbarus
860 2861 948 2916 vern
973 2847 1020 2922 ad
1050 2874 1134 2926 reve·

122 3012 144 3053 „
175 2958 324 3032 rentiam
358 2949 540 3042 religionis
574 2946 708 3019 timore
740 2945 811 3023 Dei
833 2965 870 3027 et
895 2949 968 3030 fide
1001 2963 1132 3060 virginis

121 3120 144 3163 „
174 3078 315 3144 motus,
345 3058 388 3131 ad
411 3055 587 3128 Alaricum
612 3076 675 3148 per
696 3064 862 3136 nuntium
891 3062 971 3144 haec
997 3073 1129 3156 retulit,

120 3228 141 3270 „
168 3174 231 3272 qni
270 3169 448 3244 continuo
490 3168 662 3261 reportari
702 3170 745 3242 ad
778 3174 930 3270 apostoli
968 3181 1129 3260 basilicam
1176 3238 1183 3285 ὃ

119 3336 141 3380 „
171 3277 360 3359 universa,
400 3291 438 3349 nt
455 3291 578 3360 erant,
611 3276 684 3352 vasa
719 3282 952 3379 imperavit„.
1014 3295 1128 3371 Narrat
1169 3325 1183 3405 ps

118 3396 304 3486 deinceps,
324 3385 440 3485 quaid
462 3409 593 3485 pompa
614 3388 741 3464 fadum
757 3395 884 3482 fuerit,
903 3398 1049 3492 hymnos
1066 3405 1126 3481 Dm

119 3500 283 3582 Romanis
297 3495 524 3590 barbarisque
544 3501 828 3580 concinentibus.
875 3506 1042 3594 Demum
1059 3517 1122 3594 iub·

117 3615 195 3692 dit,
239 3602 479 3705 „mysterium
499 3609 590 3696 hnc,
621 3614 720 3709 quod
746 3616 782 3689 in
804 3622 1059 3706 transferendis
1078 3651 1121 3702 ra·

114 3780 137 3819 „
165 3718 228 3804 fis,
268 3718 426 3794 dicendis
462 3720 627 3819 hymnis,
673 3723 843 3803 ducendis
872 3739 1019 3834 populis
1049 3741 1118 3822 fuit,
1180 3808 1183 3819 ,

112 3886 135 3940 4,
164 3846 333 3931 tanquam
361 3850 533 3930 magnum
561 3834 718 3912 cribrum
744 3837 843 3916 fuiffe
862 3846 1043 3940 arbitror,
1071 3869 1119 3950 per
1151 3937 1159 3972 n

152 4051 185 4130 a)
203 4046 313 4149 ⁸Socrar
337 4046 384 4118 tila
403 4045 465 4117 tn.
481 4066 505 4117 n.
525 4064 571 4118 ro.
642 4045 673 4132 ὸ)
694 4041 743 4120 ΠΒ,
768 4045 832 4123 qn⁴
855 4070 881 4125 α
911 4011 958 4150 33.
980 3963 1077 4068 quod

1162 3459 1179 3519 ll
