2438 4470
141 233 193 310 36
199 239 219 295 2
491 213 635 316 Ecclefiu
659 184 818 296 militum

134 437 158 475 ,‚
186 378 382 460 voluntatis
401 384 438 460 in
464 382 637 460 omnibus
661 379 873 480 impieriiie3
902 381 1007 463 sedfi
1038 385 1175 463 maiora
1208 486 1211 490 λ

135 535 160 588 5,
189 494 361 572 beneficia
380 494 589 573 excellentia
623 511 682 572 tua
705 495 750 571 de
777 519 885 578 manu
919 495 1041 574 nostra
1064 495 1176 574 susce.-

136 662 160 703 „
191 605 290 704 piliet
320 609 380 684 &c
396 663 428 698 „.
487 607 716 684 Memoratus
736 630 849 707 porro
869 607 1029 706 legatus,
1069 625 1112 686 ut
1130 633 1174 686 ex

67 791 71 799 .
136 773 160 812 „
191 722 279 794 lania
319 718 518 797 Radevicus
548 723 729 815 narratio
755 720 882 802 chron.
912 776 933 811 „
956 719 1087 798 dixiise
1107 722 1173 798 fer-

135 884 159 925 „
190 849 265 908 tut:
287 832 407 930 'aquo
432 856 523 930 ergo
552 833 679 917 lrabet,
711 830 957 911 iiaDomino
983 857 1080 934 papa
1100 853 1200 913 non?

135 994 160 1036 „
190 942 294 1019 habet
315 943 538 1043 imperium?
568 939 632 1023 Ob
645 945 767 1043 quod,
795 943 1007 1044 (pergit.)
1040 947 1170 1025 ditium
1199 920 1213 1008 s

135 1110 159 1149 „
189 1080 233 1131 eo
268 1053 464 1154 processisse
498 1055 745 1143 iracundiam,
797 1074 837 1135 ur
865 1052 963 1136 Otto
991 1056 1169 1137 Palatinus
1210 1138 1213 1171 1

135 1215 159 1260 ,-,
187 1191 313 1245 eomes
346 1170 390 1244 de
423 1167 564 1251 Bavaria
594 1192 711 1268 prope
742 1185 869 1247 exerto
894 1169 1020 1269 gladio
1044 1174 1169 1250 cervici
1211 1204 1213 1283 j

137 1330 160 1373 „
190 1281 281 1356 iilius
319 1298 475 1359 mortem
507 1283 725 1366 intentaret,
772 1279 833 1356 nisi
855 1280 1062 1362 Fridericus
1086 1287 1168 1383 imp.
1210 1286 1213 1352 i

137 1448 162 1485 „
190 1392 400 1470 ausioritate
427 1391 618 1491 praelentiae
641 1391 708 1470 suae
731 1393 939 1494 interposita
971 1397 1168 1473 tumultum

135 1559 159 1598 „
184 1505 435 1605 compescens,
466 1503 605 1603 legatos
623 1501 844 1598 diminuet,
905 1503 1169 1586 Obversabatur
1211 1588 1213 1597 ,

135 1616 254 1693 adhue
269 1621 394 1692 animo
418 1616 573 1715 pislura‘,
614 1640 695 1716 quae
718 1615 845 1698 Romae
871 1615 1089 1700 Lorharium
1114 1620 1169 1697 ol-

135 1729 270 1813 fendit‚
303 1745 343 1806 ut
361 1731 457 1805 idem
478 1729 644 1829 perhibet
664 1727 887 1811 Radevicus:
925 1755 999 1837 qua
1019 1735 1169 1834 impera·

137 1854 197 1918 tor
225 1838 340 1917 Homo
358 1855 456 1938 pope
479 1842 623 1923 dicitur,
1171 1881 1173 1887 ·

222 1991 470 2081 intelleximus
492 2002 626 2092 modo,
662 2002 750 2107 quid
779 2001 990 2087 Germanici
1010 2011 1166 2086 autocra·

137 2125 235 2190 tores
263 2116 307 2190 de
343 2116 406 2192 sno
444 2118 626 2215 imperio,
688 2118 795 2192 etiam
836 2117 937 2217 quod
978 2116 1168 2198 Orientem

137 2225 292 2326 spectat,
325 2224 515 2304 senserint:
544 2226 649 2305 simui
672 2231 778 2304 etiam
806 2231 842 2308 in
860 2230 986 2306 eadem
1011 2231 1168 2311 Conradi

137 2337 283 2435 epiiioia
311 2350 496 2415 mentione
513 2340 636 2416 iniesia
653 2363 852 2438 regnorum
879 2345 1036 2442 antiqno
1064 2344 1167 2424 Rom.
1206 2389 1213 2417 r

136 2452 226 2547 imp.
248 2449 485 2529 subiesiorum
504 2464 604 2528 extra
625 2450 880 2538 Germaniam,
901 2451 1073 2533 Lotharii
1092 2481 1169 2558 por-

136 2585 181 2638 ro
207 2559 438 2639 successorem
461 2561 674 2641 Conradum
697 2563 728 2641 S.
747 2563 783 2641 P.
800 2565 851 2659 Q
872 2563 914 2646 R.
939 2569 1038 2644 urbis
1063 2587 1099 2646 et
1118 2592 1169 2646 or·
1210 2558 1213 2563 ⁴

136 2675 191 2751 bis
221 2677 413 2752 dominum
448 2676 653 2775 compellat.
713 2673 883 2754 Vidimus
916 2685 1102 2779 proximis
1128 2681 1171 2758 s·

136 2785 225 2863 culis
257 2812 332 2863 non
363 2801 436 2864 tam
467 2786 913 2886 imperatores·Francicos
936 2816 1062 2869 rerum
1092 2794 1170 2872 sate·

136 2895 222 2997 gille
236 2903 414 2976 variorum
428 2923 648 2999 regnorum,
666 2923 775 3000 quam
789 2902 911 3000 postea
930 2901 1169 2984 Germanicos

133 3010 179 3086 ad
202 3010 414 3098 Orientem,
444 3027 480 3088 et
495 3011 810 3112 Septentrionem,
829 3015 925 3114 apud
947 3014 1168 3115 Ungariam,

136 3121 351 3212 Poloniam,
400 3122 556 3203 Daniam
584 3125 652 3201 &e
679 3121 875 3216 wConradus
905 3129 942 3203 in
970 3142 1170 3210 memorata

137 3235 286 3338 epistola
314 3237 356 3314 ad
388 3236 645 3337 imperatorem
677 3233 840 3314 Orientis
867 3235 1081 3336 Hispaniam
1111 3267 1170 3320 no-

136 3349 275 3424 minare
293 3349 419 3436 ausus,
451 3346 605 3426 Galliam
624 3362 660 3424 et
680 3348 868 3447 Angiiam,
895 3351 1012 3451 ipsum
1042 3351 1170 3434 Orien·
1188 3346 1191 3351 ’

136 3462 183 3537 tis
203 3461 416 3559 imperium,
442 3476 481 3537 ut
495 3459 589 3559 apud
617 3458 800 3539 Ottonem
835 3459 915 3539 Fris.
946 3478 983 3540 et
1003 3463 1170 3545 Murato-

136 3573 231 3649 rium
258 3572 378 3669 legere
407 3571 468 3646 est.
499 3569 536 3658 a)
551 3569 634 3648 Hoc
651 3570 713 3647 fibi
733 3570 933 3651 Fridericus
951 3572 986 3651 in
1010 3583 1168 3659 animum

135 3683 352 3767 induxerat,
390 3679 436 3758 fic
460 3683 642 3781 epistolam
675 3683 719 3758 ad
751 3682 932 3762 Ottonem
970 3686 1171 3792 Frilingen·

136 3794 227 3882 iem,
258 3817 365 3896 quarn
385 3797 412 3870 is
434 3793 493 3870 libs
516 3793 561 3875 ll.
581 3818 610 3872 c.
637 3814 698 3890 30.
728 3793 769 3872 de
787 3795 892 3893 gellis
911 3797 1094 3880 Friderici
1122 3829 1170 3882 re·
1206 3847 1213 3862 -·

1002 3918 1124 3992 citat'

136 4025 141 4037 ‘
178 4012 213 4161 a}
227 4007 312 4160 aalperti
334 4007 431 4161 lslrstila
450 4009 497 4076 De
518 4009 630 4077 frider.
653 4011 676 4077 l.
703 4015 754 4081 lib.
774 4011 796 4078 i.
820 4035 846 4080 a
871 4031 920 4096 23.
946 4014 1057 4083 murat.
1074 3973 1166 4101 sosipt
1210 4079 1213 4102 ἶ

215 4108 227 4160 t
258 4112 319 4178 -n
359 4113 407 4179 n·
