<?xml version="1.0" encoding="UTF-8"?>
<!DOCTYPE html PUBLIC "-//W3C//DTD XHTML 1.0 Transitional//EN"
    "http://www.w3.org/TR/xhtml1/DTD/xhtml1-transitional.dtd">
<html xmlns="http://www.w3.org/1999/xhtml" xml:lang="en" lang="en">
 <head>
  <title>
</title>
<meta http-equiv="Content-Type" content="text/html;charset=utf-8" />
  <meta name='ocr-system' content='tesseract 3.04.00' />
  <meta name='ocr-capabilities' content='ocr_page ocr_carea ocr_par ocr_line ocrx_word'/>
</head>
<body>
  <div class='ocr_page' id='page_1' title='image "./ecclesiamilitan00gerbgoog_0221.png"; bbox 0 0 2400 4478; ppageno 0'>
   <div class='ocr_carea' id='block_1_1' title="bbox 190 139 1160 292">
    <p class='ocr_par' dir='ltr' id='par_1_1' title="bbox 190 139 1160 292">
     <span class='ocr_line' id='line_1_1' title="bbox 190 139 1160 292; baseline -0.001 -22"><span class='ocrx_word' id='word_1_1' title='bbox 190 198 345 292; x_wconf 69' lang='lat' dir='ltr'>‘regnum</span> <span class='ocrx_word' id='word_1_2' title='bbox 370 139 499 284; x_wconf 16' lang='lat' dir='ltr'>&#39;Christi</span> <span class='ocrx_word' id='word_1_3' title='bbox 522 195 563 271; x_wconf 85' lang='lat' dir='ltr'>in</span> <span class='ocrx_word' id='word_1_4' title='bbox 582 191 701 271; x_wconf 78' lang='lat' dir='ltr'>terris.</span> <span class='ocrx_word' id='word_1_5' title='bbox 723 214 751 269; x_wconf 82' lang='lat' dir='ltr'>r.</span> <span class='ocrx_word' id='word_1_6' title='bbox 767 186 911 270; x_wconf 74' lang='lat' dir='ltr'><em>XXIV.</em></span> <span class='ocrx_word' id='word_1_7' title='bbox 995 210 1075 286; x_wconf 62' lang='grc' dir='ltr'>ποτ</span> <span class='ocrx_word' id='word_1_8' title='bbox 1158 176 1160 180; x_wconf 66' lang='grc'><strong>’</strong></span> 
     </span>
    </p>
   </div>
   <div class='ocr_carea' id='block_1_2' title="bbox 44 352 1154 3877">
    <p class='ocr_par' dir='ltr' id='par_1_2' title="bbox 44 352 1154 3877">
     <span class='ocr_line' id='line_1_2' title="bbox 54 352 1078 453; baseline -0.002 -21"><span class='ocrx_word' id='word_1_9' title='bbox 54 357 187 433; x_wconf 88' lang='lat' dir='ltr'>iterato</span> <span class='ocrx_word' id='word_1_10' title='bbox 215 379 234 431; x_wconf 88' lang='lat' dir='ltr'>a</span> <span class='ocrx_word' id='word_1_11' title='bbox 255 352 426 432; x_wconf 88' lang='lat' dir='ltr'>Romanis</span> <span class='ocrx_word' id='word_1_12' title='bbox 447 352 639 453; x_wconf 79' lang='lat' dir='ltr'>gentilibus</span> <span class='ocrx_word' id='word_1_13' title='bbox 660 354 746 430; x_wconf 77' lang='lat' dir='ltr'>sassa</span> <span class='ocrx_word' id='word_1_14' title='bbox 769 377 838 453; x_wconf 87' lang='lat' dir='ltr'>pro</span> <span class='ocrx_word' id='word_1_15' title='bbox 856 354 1078 431; x_wconf 89' lang='lat' dir='ltr'>restitutione</span> 
     </span>
     <span class='ocr_line' id='line_1_3' title="bbox 55 463 1080 566; baseline -0.006 -21"><span class='ocrx_word' id='word_1_16' title='bbox 55 467 237 545; x_wconf 82' lang='lat' dir='ltr'>sacrorum</span> <span class='ocrx_word' id='word_1_17' title='bbox 264 467 527 566; x_wconf 82' lang='lat' dir='ltr'>profanorum,</span> <span class='ocrx_word' id='word_1_18' title='bbox 567 490 645 566; x_wconf 85' lang='lat' dir='ltr'>quae</span> <span class='ocrx_word' id='word_1_19' title='bbox 664 489 790 551; x_wconf 83' lang='lat' dir='ltr'>recens</span> <span class='ocrx_word' id='word_1_20' title='bbox 819 467 949 543; x_wconf 88' lang='lat' dir='ltr'>iterum</span> <span class='ocrx_word' id='word_1_21' title='bbox 986 463 1080 540; x_wconf 87' lang='lat' dir='ltr'>inhi-</span> 
     </span>
     <span class='ocr_line' id='line_1_4' title="bbox 50 574 1077 657; baseline -0.006 0"><span class='ocrx_word' id='word_1_22' title='bbox 50 580 133 657; x_wconf 85' lang='lat' dir='ltr'>buit</span> <span class='ocrx_word' id='word_1_23' title='bbox 174 575 365 656; x_wconf 79' lang='lat' dir='ltr'>Gratianus</span> <span class='ocrx_word' id='word_1_24' title='bbox 402 578 507 653; x_wconf 87' lang='lat' dir='ltr'>srater</span> <span class='ocrx_word' id='word_1_25' title='bbox 558 577 664 655; x_wconf 81' lang='lat' dir='ltr'>huius</span> <span class='ocrx_word' id='word_1_26' title='bbox 715 574 955 655; x_wconf 81' lang='lat' dir='ltr'>Valentiniani</span> <span class='ocrx_word' id='word_1_27' title='bbox 1003 579 1077 652; x_wconf 83' lang='lat' dir='ltr'>iun.</span> 
     </span>
     <span class='ocr_line' id='line_1_5' title="bbox 53 685 1080 793; baseline -0.003 -25"><span class='ocrx_word' id='word_1_28' title='bbox 53 710 162 793; x_wconf 88' lang='lat' dir='ltr'>quem</span> <span class='ocrx_word' id='word_1_29' title='bbox 177 685 226 764; x_wconf 82' lang='lat' dir='ltr'>sic</span> <span class='ocrx_word' id='word_1_30' title='bbox 239 689 449 789; x_wconf 87' lang='lat' dir='ltr'>loquentem</span> <span class='ocrx_word' id='word_1_31' title='bbox 467 688 500 766; x_wconf 87' lang='lat' dir='ltr'>S.</span> <span class='ocrx_word' id='word_1_32' title='bbox 522 685 726 765; x_wconf 82' lang='lat' dir='ltr'>Ambrosius</span> <span class='ocrx_word' id='word_1_33' title='bbox 741 689 897 766; x_wconf 85' lang='lat' dir='ltr'>inducit:</span> <span class='ocrx_word' id='word_1_34' title='bbox 922 744 943 781; x_wconf 84' lang='lat'>„</span> <span class='ocrx_word' id='word_1_35' title='bbox 961 686 1080 782; x_wconf 84' lang='lat' dir='ltr'>Quod</span> 
     </span>
     <span class='ocr_line' id='line_1_6' title="bbox 55 795 1080 902; baseline 0.002 -27"><span class='ocrx_word' id='word_1_36' title='bbox 55 856 76 896; x_wconf 86' lang='lat'>‚,</span> <span class='ocrx_word' id='word_1_37' title='bbox 99 804 184 902; x_wconf 81' lang='lat' dir='ltr'>¹pius</span> <span class='ocrx_word' id='word_1_38' title='bbox 202 800 308 876; x_wconf 86' lang='lat' dir='ltr'>frater</span> <span class='ocrx_word' id='word_1_39' title='bbox 324 804 474 900; x_wconf 81' lang='lat' dir='ltr'>eripuit,</span> <span class='ocrx_word' id='word_1_40' title='bbox 503 800 693 900; x_wconf 83' lang='lat' dir='ltr'>quomodo</span> <span class='ocrx_word' id='word_1_41' title='bbox 716 822 811 875; x_wconf 86' lang='lat' dir='ltr'>ame</span> <span class='ocrx_word' id='word_1_42' title='bbox 827 802 980 898; x_wconf 83' lang='lat' dir='ltr'>putatis,</span> <span class='ocrx_word' id='word_1_43' title='bbox 1012 795 1080 878; x_wconf 85' lang='lat' dir='ltr'>else</span> 
     </span>
     <span class='ocr_line' id='line_1_7' title="bbox 59 906 1081 1008; baseline 0.003 -22"><span class='ocrx_word' id='word_1_44' title='bbox 59 968 81 1006; x_wconf 83' lang='lat'>„</span> <span class='ocrx_word' id='word_1_45' title='bbox 110 911 364 989; x_wconf 81' lang='lat' dir='ltr'>reddendum?</span> <span class='ocrx_word' id='word_1_46' title='bbox 392 910 489 991; x_wconf 84' lang='lat' dir='ltr'>Cum</span> <span class='ocrx_word' id='word_1_47' title='bbox 511 916 547 986; x_wconf 93' lang='lat' dir='ltr'>in</span> <span class='ocrx_word' id='word_1_48' title='bbox 568 935 613 986; x_wconf 83' lang='lat' dir='ltr'>eo</span> <span class='ocrx_word' id='word_1_49' title='bbox 638 924 674 986; x_wconf 88' lang='lat' dir='ltr'>et</span> <span class='ocrx_word' id='word_1_50' title='bbox 697 906 823 1008; x_wconf 89' lang='lat' dir='ltr'>religio</span> <span class='ocrx_word' id='word_1_51' title='bbox 844 910 1015 998; x_wconf 86' lang='lat' dir='ltr'>laedatur,</span> <span class='ocrx_word' id='word_1_52' title='bbox 1043 922 1081 994; x_wconf 83' lang='lat' dir='ltr'>et</span> 
     </span>
     <span class='ocr_line' id='line_1_8' title="bbox 44 1018 1080 1124; baseline 0 -23"><span class='ocrx_word' id='word_1_53' title='bbox 44 1079 76 1122; x_wconf 66' lang='lat' dir='ltr'>a·</span> <span class='ocrx_word' id='word_1_54' title='bbox 102 1022 259 1109; x_wconf 64' lang='lat' dir='ltr'>stater,</span> <span class='ocrx_word' id='word_1_55' title='bbox 290 1043 403 1124; x_wconf 87' lang='lat' dir='ltr'>aquo</span> <span class='ocrx_word' id='word_1_56' title='bbox 426 1018 484 1109; x_wconf 86' lang='lat' dir='ltr'>se,</span> <span class='ocrx_word' id='word_1_57' title='bbox 533 1022 671 1110; x_wconf 87' lang='lat' dir='ltr'>nollet,</span> <span class='ocrx_word' id='word_1_58' title='bbox 717 1025 847 1120; x_wconf 88' lang='lat' dir='ltr'>pietate</span> <span class='ocrx_word' id='word_1_59' title='bbox 873 1023 978 1098; x_wconf 84' lang='lat' dir='ltr'>vinci·</span> <span class='ocrx_word' id='word_1_60' title='bbox 1035 1019 1080 1101; x_wconf 85' lang='lat' dir='ltr'>Et</span> 
     </span>
     <span class='ocr_line' id='line_1_9' title="bbox 54 1131 1080 1234; baseline -0.004 -21"><span class='ocrx_word' id='word_1_61' title='bbox 54 1191 78 1228; x_wconf 85' lang='lat'>,‚</span> <span class='ocrx_word' id='word_1_62' title='bbox 108 1158 193 1213; x_wconf 85' lang='lat' dir='ltr'>cunr</span> <span class='ocrx_word' id='word_1_63' title='bbox 215 1148 365 1234; x_wconf 86' lang='lat' dir='ltr'>paterno</span> <span class='ocrx_word' id='word_1_64' title='bbox 387 1137 644 1211; x_wconf 84' lang='lat' dir='ltr'>conveniretur</span> <span class='ocrx_word' id='word_1_65' title='bbox 657 1131 855 1232; x_wconf 81' lang='lat' dir='ltr'>exemplo.</span> <span class='ocrx_word' id='word_1_66' title='bbox 886 1132 987 1231; x_wconf 93' lang='lat' dir='ltr'>quod</span> <span class='ocrx_word' id='word_1_67' title='bbox 1016 1133 1080 1213; x_wconf 88' lang='lat' dir='ltr'>sub</span> 
     </span>
     <span class='ocr_line' id='line_1_10' title="bbox 46 1241 1080 1345; baseline -0.001 -23"><span class='ocrx_word' id='word_1_68' title='bbox 46 1302 73 1340; x_wconf 79' lang='lat'><em>„</em></span> <span class='ocrx_word' id='word_1_69' title='bbox 104 1261 204 1345; x_wconf 89' lang='lat' dir='ltr'>patre</span> <span class='ocrx_word' id='word_1_70' title='bbox 231 1244 295 1322; x_wconf 92' lang='lat' dir='ltr'>suo</span> <span class='ocrx_word' id='word_1_71' title='bbox 321 1269 359 1323; x_wconf 85' lang='lat' dir='ltr'>ea</span> <span class='ocrx_word' id='word_1_72' title='bbox 383 1243 503 1322; x_wconf 80' lang='lat' dir='ltr'>nullus</span> <span class='ocrx_word' id='word_1_73' title='bbox 526 1243 740 1329; x_wconf 79' lang='lat' dir='ltr'>abstulerat,</span> <span class='ocrx_word' id='word_1_74' title='bbox 781 1242 987 1342; x_wconf 82' lang='lat' dir='ltr'>respondit:</span> <span class='ocrx_word' id='word_1_75' title='bbox 1016 1241 1080 1321; x_wconf 83' lang='lat' dir='ltr'>Pa·</span> 
     </span>
     <span class='ocr_line' id='line_1_11' title="bbox 51 1351 1083 1454; baseline -0.001 -22"><span class='ocrx_word' id='word_1_76' title='bbox 51 1413 73 1450; x_wconf 78' lang='lat'><strong>„</strong></span> <span class='ocrx_word' id='word_1_77' title='bbox 104 1374 198 1433; x_wconf 90' lang='lat' dir='ltr'>trem</span> <span class='ocrx_word' id='word_1_78' title='bbox 230 1380 349 1434; x_wconf 89' lang='lat' dir='ltr'>meum</span> <span class='ocrx_word' id='word_1_79' title='bbox 381 1356 564 1440; x_wconf 83' lang='lat' dir='ltr'>laudatis.</span> <span class='ocrx_word' id='word_1_80' title='bbox 593 1358 687 1454; x_wconf 75' lang='lat' dir='ltr'>,quia</span> <span class='ocrx_word' id='word_1_81' title='bbox 716 1375 793 1428; x_wconf 91' lang='lat' dir='ltr'>non</span> <span class='ocrx_word' id='word_1_82' title='bbox 814 1351 981 1440; x_wconf 84' lang='lat' dir='ltr'>abstulit,</span> <span class='ocrx_word' id='word_1_83' title='bbox 1012 1377 1083 1432; x_wconf 89' lang='lat' dir='ltr'>nec·</span> 
     </span>
     <span class='ocr_line' id='line_1_12' title="bbox 53 1464 1077 1566; baseline -0.001 -24"><span class='ocrx_word' id='word_1_84' title='bbox 53 1522 76 1564; x_wconf 81' lang='lat'><strong>„</strong></span> <span class='ocrx_word' id='word_1_85' title='bbox 107 1487 181 1562; x_wconf 85' lang='lat' dir='ltr'>ego</span> <span class='ocrx_word' id='word_1_86' title='bbox 208 1467 341 1544; x_wconf 87' lang='lat' dir='ltr'>abstuli.</span> <span class='ocrx_word' id='word_1_87' title='bbox 373 1464 562 1566; x_wconf 89' lang='lat' dir='ltr'>Numquid</span> <span class='ocrx_word' id='word_1_88' title='bbox 580 1481 681 1564; x_wconf 83' lang='lat' dir='ltr'>pater</span> <span class='ocrx_word' id='word_1_89' title='bbox 704 1487 804 1540; x_wconf 88' lang='lat' dir='ltr'>meus</span> <span class='ocrx_word' id='word_1_90' title='bbox 818 1464 995 1549; x_wconf 87' lang='lat' dir='ltr'>reddidit,</span> <span class='ocrx_word' id='word_1_91' title='bbox 1018 1480 1077 1552; x_wconf 90' lang='lat' dir='ltr'>ut,</span> 
     </span>
     <span class='ocr_line' id='line_1_13' title="bbox 52 1573 1080 1676; baseline 0.002 -25"><span class='ocrx_word' id='word_1_92' title='bbox 52 1634 76 1671; x_wconf 87' lang='lat'>‚,</span> <span class='ocrx_word' id='word_1_93' title='bbox 108 1601 167 1652; x_wconf 89' lang='lat' dir='ltr'>me</span> <span class='ocrx_word' id='word_1_94' title='bbox 184 1577 313 1652; x_wconf 87' lang='lat' dir='ltr'>debere</span> <span class='ocrx_word' id='word_1_95' title='bbox 332 1577 499 1664; x_wconf 83' lang='lat' dir='ltr'>reddere,</span> <span class='ocrx_word' id='word_1_96' title='bbox 520 1575 729 1676; x_wconf 81' lang='lat' dir='ltr'>postuletis?</span> <span class='ocrx_word' id='word_1_97' title='bbox 749 1573 934 1654; x_wconf 86' lang='lat' dir='ltr'>Postremo</span> <span class='ocrx_word' id='word_1_98' title='bbox 949 1577 1080 1663; x_wconf 87' lang='lat' dir='ltr'>etiam,</span> 
     </span>
     <span class='ocr_line' id='line_1_14' title="bbox 55 1684 1082 1786; baseline 0 -24"><span class='ocrx_word' id='word_1_99' title='bbox 55 1743 79 1782; x_wconf 86' lang='lat'><strong>„</strong></span> <span class='ocrx_word' id='word_1_100' title='bbox 106 1685 135 1762; x_wconf 88' lang='lat' dir='ltr'>li</span> <span class='ocrx_word' id='word_1_101' title='bbox 162 1703 260 1786; x_wconf 89' lang='lat' dir='ltr'>pater</span> <span class='ocrx_word' id='word_1_102' title='bbox 288 1684 515 1775; x_wconf 78' lang='lat' dir='ltr'>reddidisset,</span> <span class='ocrx_word' id='word_1_103' title='bbox 546 1688 651 1762; x_wconf 87' lang='lat' dir='ltr'>frater</span> <span class='ocrx_word' id='word_1_104' title='bbox 678 1685 893 1779; x_wconf 86' lang='lat' dir='ltr'>abstulerat3</span> <span class='ocrx_word' id='word_1_105' title='bbox 925 1689 1082 1762; x_wconf 87' lang='lat' dir='ltr'>imitato-</span> 
     </span>
     <span class='ocr_line' id='line_1_15' title="bbox 57 1793 1081 1898; baseline 0.005 -25"><span class='ocrx_word' id='word_1_106' title='bbox 57 1855 79 1892; x_wconf 83' lang='lat'>„</span> <span class='ocrx_word' id='word_1_107' title='bbox 109 1821 185 1874; x_wconf 90' lang='lat' dir='ltr'>rem</span> <span class='ocrx_word' id='word_1_108' title='bbox 209 1803 244 1872; x_wconf 92' lang='lat' dir='ltr'>in</span> <span class='ocrx_word' id='word_1_109' title='bbox 269 1820 308 1873; x_wconf 88' lang='lat' dir='ltr'>ea</span> <span class='ocrx_word' id='word_1_110' title='bbox 332 1813 431 1898; x_wconf 85' lang='lat' dir='ltr'>parte</span> <span class='ocrx_word' id='word_1_111' title='bbox 455 1798 566 1875; x_wconf 83' lang='lat' dir='ltr'>fratris</span> <span class='ocrx_word' id='word_1_112' title='bbox 587 1793 654 1874; x_wconf 83' lang='lat' dir='ltr'>else</span> <span class='ocrx_word' id='word_1_113' title='bbox 678 1820 765 1885; x_wconf 84' lang='lat' dir='ltr'>me,</span> <span class='ocrx_word' id='word_1_114' title='bbox 797 1798 948 1876; x_wconf 87' lang='lat' dir='ltr'>mallem.</span> <span class='ocrx_word' id='word_1_115' title='bbox 1007 1798 1081 1878; x_wconf 83' lang='lat' dir='ltr'>Aut</span> 
     </span>
     <span class='ocr_line' id='line_1_16' title="bbox 56 1906 1082 2010; baseline -0.001 -24"><span class='ocrx_word' id='word_1_116' title='bbox 56 1964 79 2003; x_wconf 76' lang='lat'>,</span> <span class='ocrx_word' id='word_1_117' title='bbox 109 1910 285 2010; x_wconf 88' lang='lat' dir='ltr'>numquid</span> <span class='ocrx_word' id='word_1_118' title='bbox 311 1931 412 1986; x_wconf 74' lang='lat' dir='ltr'>meur</span> <span class='ocrx_word' id='word_1_119' title='bbox 446 1920 544 2010; x_wconf 84' lang='lat' dir='ltr'>pater</span> <span class='ocrx_word' id='word_1_120' title='bbox 565 1909 743 2008; x_wconf 85' lang='lat' dir='ltr'>Augustus</span> <span class='ocrx_word' id='word_1_121' title='bbox 764 1907 864 1996; x_wconf 85' lang='lat' dir='ltr'>fuit,</span> <span class='ocrx_word' id='word_1_122' title='bbox 909 1923 944 1986; x_wconf 88' lang='lat' dir='ltr'>et</span> <span class='ocrx_word' id='word_1_123' title='bbox 971 1906 1082 1985; x_wconf 87' lang='lat' dir='ltr'>frater</span> 
     </span>
     <span class='ocr_line' id='line_1_17' title="bbox 57 2018 1084 2122; baseline 0.002 -26"><span class='ocrx_word' id='word_1_124' title='bbox 57 2073 80 2113; x_wconf 85' lang='lat'>‚,</span> <span class='ocrx_word' id='word_1_125' title='bbox 110 2019 310 2099; x_wconf 82' lang='lat' dir='ltr'>nonfuit?</span> <span class='ocrx_word' id='word_1_126' title='bbox 359 2018 425 2097; x_wconf 86' lang='lat' dir='ltr'>Par</span> <span class='ocrx_word' id='word_1_127' title='bbox 445 2023 590 2121; x_wconf 87' lang='lat' dir='ltr'>utrique</span> <span class='ocrx_word' id='word_1_128' title='bbox 618 2021 767 2098; x_wconf 87' lang='lat' dir='ltr'>debetur</span> <span class='ocrx_word' id='word_1_129' title='bbox 796 2019 1014 2122; x_wconf 77' lang='lat' dir='ltr'>reverentia,</span> <span class='ocrx_word' id='word_1_130' title='bbox 1045 2031 1084 2098; x_wconf 80' lang='lat' dir='ltr'>et</span> 
     </span>
     <span class='ocr_line' id='line_1_18' title="bbox 55 2128 1080 2232; baseline 0.003 -27"><span class='ocrx_word' id='word_1_131' title='bbox 55 2151 169 2230; x_wconf 78' lang='lat' dir='ltr'>„par</span> <span class='ocrx_word' id='word_1_132' title='bbox 216 2135 403 2232; x_wconf 85' lang='lat' dir='ltr'>utriusque</span> <span class='ocrx_word' id='word_1_133' title='bbox 436 2133 487 2211; x_wconf 85' lang='lat' dir='ltr'>eil</span> <span class='ocrx_word' id='word_1_134' title='bbox 524 2135 615 2210; x_wconf 83' lang='lat' dir='ltr'>circa</span> <span class='ocrx_word' id='word_1_135' title='bbox 651 2128 908 2232; x_wconf 82' lang='lat' dir='ltr'>rempublicam</span> <span class='ocrx_word' id='word_1_136' title='bbox 954 2128 1080 2229; x_wconf 67' lang='lat' dir='ltr'>gralia}</span> 
     </span>
     <span class='ocr_line' id='line_1_19' title="bbox 58 2238 1080 2342; baseline 0 -22"><span class='ocrx_word' id='word_1_137' title='bbox 58 2298 80 2336; x_wconf 83' lang='lat'><strong>„</strong></span> <span class='ocrx_word' id='word_1_138' title='bbox 110 2238 315 2342; x_wconf 87' lang='lat' dir='ltr'>Utrumque</span> <span class='ocrx_word' id='word_1_139' title='bbox 334 2244 523 2319; x_wconf 87' lang='lat' dir='ltr'>imitabor:</span> <span class='ocrx_word' id='word_1_140' title='bbox 554 2255 644 2320; x_wconf 88' lang='lat' dir='ltr'>utet</span> <span class='ocrx_word' id='word_1_141' title='bbox 670 2266 744 2319; x_wconf 92' lang='lat' dir='ltr'>non</span> <span class='ocrx_word' id='word_1_142' title='bbox 764 2243 947 2330; x_wconf 82' lang='lat' dir='ltr'>reddam,</span> <span class='ocrx_word' id='word_1_143' title='bbox 976 2241 1080 2341; x_wconf 87' lang='lat' dir='ltr'>quod</span> 
     </span>
     <span class='ocr_line' id='line_1_20' title="bbox 55 2352 1082 2456; baseline 0 -26"><span class='ocrx_word' id='word_1_144' title='bbox 55 2408 78 2448; x_wconf 84' lang='lat'>,‚</span> <span class='ocrx_word' id='word_1_145' title='bbox 108 2368 208 2454; x_wconf 86' lang='lat' dir='ltr'>pater</span> <span class='ocrx_word' id='word_1_146' title='bbox 235 2354 380 2430; x_wconf 89' lang='lat' dir='ltr'>reddere</span> <span class='ocrx_word' id='word_1_147' title='bbox 402 2378 476 2430; x_wconf 89' lang='lat' dir='ltr'>non</span> <span class='ocrx_word' id='word_1_148' title='bbox 498 2359 640 2453; x_wconf 88' lang='lat' dir='ltr'>potuit,</span> <span class='ocrx_word' id='word_1_149' title='bbox 673 2359 754 2456; x_wconf 89' lang='lat' dir='ltr'>quia</span> <span class='ocrx_word' id='word_1_150' title='bbox 783 2352 900 2431; x_wconf 79' lang='lat' dir='ltr'>nullus</span> <span class='ocrx_word' id='word_1_151' title='bbox 928 2353 1082 2431; x_wconf 79' lang='lat' dir='ltr'>abstule-</span> 
     </span>
     <span class='ocr_line' id='line_1_21' title="bbox 58 2464 1081 2566; baseline 0 -26"><span class='ocrx_word' id='word_1_152' title='bbox 58 2521 80 2558; x_wconf 78' lang='lat'><em>‚</em></span> <span class='ocrx_word' id='word_1_153' title='bbox 110 2482 187 2555; x_wconf 83' lang='lat' dir='ltr'>rat3</span> <span class='ocrx_word' id='word_1_154' title='bbox 217 2479 252 2541; x_wconf 89' lang='lat' dir='ltr'>et</span> <span class='ocrx_word' id='word_1_155' title='bbox 277 2465 434 2551; x_wconf 81' lang='lat' dir='ltr'>servem.</span> <span class='ocrx_word' id='word_1_156' title='bbox 472 2466 572 2566; x_wconf 88' lang='lat' dir='ltr'>quod</span> <span class='ocrx_word' id='word_1_157' title='bbox 596 2465 738 2543; x_wconf 83' lang='lat' dir='ltr'>asratre</span> <span class='ocrx_word' id='word_1_158' title='bbox 764 2464 813 2541; x_wconf 84' lang='lat' dir='ltr'>est</span> <span class='ocrx_word' id='word_1_159' title='bbox 830 2466 1081 2542; x_wconf 65' lang='lat' dir='ltr'>constitutum:</span> 
     </span>
     <span class='ocr_line' id='line_1_22' title="bbox 56 2571 1080 2679; baseline -0.004 -26"><span class='ocrx_word' id='word_1_160' title='bbox 56 2629 79 2671; x_wconf 72' lang='lat'><strong><em>„</em></strong></span> <span class='ocrx_word' id='word_1_161' title='bbox 97 2574 266 2653; x_wconf 85' lang='lat' dir='ltr'>Postulet</span> <span class='ocrx_word' id='word_1_162' title='bbox 294 2600 417 2674; x_wconf 86' lang='lat' dir='ltr'>parens</span> <span class='ocrx_word' id='word_1_163' title='bbox 445 2572 586 2663; x_wconf 85' lang='lat' dir='ltr'>Roma.</span> <span class='ocrx_word' id='word_1_164' title='bbox 616 2573 679 2652; x_wconf 89' lang='lat' dir='ltr'>alia</span> <span class='ocrx_word' id='word_1_165' title='bbox 703 2599 928 2679; x_wconf 71' lang='lat' dir='ltr'>quacunque</span> <span class='ocrx_word' id='word_1_166' title='bbox 945 2571 1080 2651; x_wconf 84' lang='lat' dir='ltr'>defide-</span> 
     </span>
     <span class='ocr_line' id='line_1_23' title="bbox 57 2682 1154 2793; baseline 0 -31"><span class='ocrx_word' id='word_1_167' title='bbox 57 2740 79 2780; x_wconf 80' lang='lat'>,‚</span> <span class='ocrx_word' id='word_1_168' title='bbox 108 2705 184 2764; x_wconf 84' lang='lat' dir='ltr'>ret:</span> <span class='ocrx_word' id='word_1_169' title='bbox 222 2689 336 2793; x_wconf 84' lang='lat' dir='ltr'>debeo</span> <span class='ocrx_word' id='word_1_170' title='bbox 368 2682 532 2764; x_wconf 79' lang='lat' dir='ltr'>affeslum</span> <span class='ocrx_word' id='word_1_171' title='bbox 561 2689 726 2786; x_wconf 80' lang='lat' dir='ltr'>parenti,</span> <span class='ocrx_word' id='word_1_172' title='bbox 758 2685 815 2764; x_wconf 89' lang='lat' dir='ltr'>sed</span> <span class='ocrx_word' id='word_1_173' title='bbox 845 2689 958 2784; x_wconf 85' lang='lat' dir='ltr'>magis</span> <span class='ocrx_word' id='word_1_174' title='bbox 978 2684 1081 2762; x_wconf 77' lang='lat' dir='ltr'>obie-</span> <span class='ocrx_word' id='word_1_175' title='bbox 1153 2724 1154 2727; x_wconf 10' lang='grc' dir='ltr'><strong><em>κ</em></strong></span> 
     </span>
     <span class='ocr_line' id='line_1_24' title="bbox 100 2796 1083 2876; baseline 0.007 -8"><span class='ocrx_word' id='word_1_176' title='bbox 100 2865 102 2868; x_wconf 77' lang='grc'>,</span> <span class='ocrx_word' id='word_1_177' title='bbox 138 2800 236 2875; x_wconf 83' lang='lat' dir='ltr'>ulum</span> <span class='ocrx_word' id='word_1_178' title='bbox 263 2797 377 2875; x_wconf 91' lang='lat' dir='ltr'>debeo</span> <span class='ocrx_word' id='word_1_179' title='bbox 400 2799 517 2875; x_wconf 83' lang='lat' dir='ltr'>salutis</span> <span class='ocrx_word' id='word_1_180' title='bbox 546 2802 673 2875; x_wconf 87' lang='lat' dir='ltr'>autori.</span> <span class='ocrx_word' id='word_1_181' title='bbox 760 2797 847 2876; x_wconf 83' lang='lat' dir='ltr'>Haec</span> <span class='ocrx_word' id='word_1_182' title='bbox 871 2797 904 2876; x_wconf 82' lang='lat'>8.</span> <span class='ocrx_word' id='word_1_183' title='bbox 925 2796 1083 2875; x_wconf 86' lang='lat' dir='ltr'>Ambro-</span> 
     </span>
     <span class='ocr_line' id='line_1_25' title="bbox 56 2823 1083 3011; baseline 0.003 -27"><span class='ocrx_word' id='word_1_184' title='bbox 56 2823 153 2994; x_wconf 59' lang='lat' dir='ltr'>bui,</span> <span class='ocrx_word' id='word_1_185' title='bbox 175 2912 296 3008; x_wconf 86' lang='lat' dir='ltr'>postea</span> <span class='ocrx_word' id='word_1_186' title='bbox 315 2915 349 2985; x_wconf 92' lang='lat' dir='ltr'>in</span> <span class='ocrx_word' id='word_1_187' title='bbox 367 2907 494 2986; x_wconf 88' lang='lat' dir='ltr'>eodem</span> <span class='ocrx_word' id='word_1_188' title='bbox 517 2907 678 2986; x_wconf 87' lang='lat' dir='ltr'>sermone</span> <span class='ocrx_word' id='word_1_189' title='bbox 692 2855 737 2999; x_wconf 74' lang='lat' dir='ltr'>b)</span> <span class='ocrx_word' id='word_1_190' title='bbox 753 2910 941 3011; x_wconf 87' lang='lat' dir='ltr'>specimina</span> <span class='ocrx_word' id='word_1_191' title='bbox 962 2926 1083 2986; x_wconf 90' lang='lat' dir='ltr'>tamen</span> 
     </span>
     <span class='ocr_line' id='line_1_26' title="bbox 60 3017 1083 3122; baseline 0.002 -25"><span class='ocrx_word' id='word_1_192' title='bbox 60 3017 201 3098; x_wconf 87' lang='lat' dir='ltr'>sincerae</span> <span class='ocrx_word' id='word_1_193' title='bbox 243 3021 425 3119; x_wconf 83' lang='lat' dir='ltr'>religionis</span> <span class='ocrx_word' id='word_1_194' title='bbox 462 3019 702 3098; x_wconf 83' lang='lat' dir='ltr'>Valentiniani</span> <span class='ocrx_word' id='word_1_195' title='bbox 728 3018 910 3122; x_wconf 42' lang='lat' dir='ltr'>patrissa&#39;</span> <span class='ocrx_word' id='word_1_196' title='bbox 934 3020 1083 3099; x_wconf 83' lang='lat' dir='ltr'>Socrate</span> 
     </span>
     <span class='ocr_line' id='line_1_27' title="bbox 63 3127 1084 3227; baseline 0.004 -20"><span class='ocrx_word' id='word_1_197' title='bbox 63 3127 101 3221; x_wconf 83' lang='lat' dir='ltr'>b)</span> <span class='ocrx_word' id='word_1_198' title='bbox 151 3136 287 3220; x_wconf 87' lang='lat' dir='ltr'>etiam,</span> <span class='ocrx_word' id='word_1_199' title='bbox 339 3132 574 3218; x_wconf 87' lang='lat' dir='ltr'>Sozomeno,</span> <span class='ocrx_word' id='word_1_200' title='bbox 622 3131 656 3227; x_wconf 86' lang='lat' dir='ltr'>c)</span> <span class='ocrx_word' id='word_1_201' title='bbox 695 3149 731 3211; x_wconf 88' lang='lat' dir='ltr'>et</span> <span class='ocrx_word' id='word_1_202' title='bbox 771 3128 1084 3224; x_wconf 84' lang='lat' dir='ltr'>Theodoretod)</span> 
     </span>
     <span class='ocr_line' id='line_1_28' title="bbox 62 3241 1083 3344; baseline 0 -24"><span class='ocrx_word' id='word_1_203' title='bbox 62 3262 277 3332; x_wconf 87' lang='lat' dir='ltr'>memorata,</span> <span class='ocrx_word' id='word_1_204' title='bbox 308 3243 414 3320; x_wconf 84' lang='lat' dir='ltr'>refert</span> <span class='ocrx_word' id='word_1_205' title='bbox 422 3266 440 3337; x_wconf 80' lang='lat'><em>3</em></span> <span class='ocrx_word' id='word_1_206' title='bbox 461 3246 522 3339; x_wconf 89' lang='lat' dir='ltr'>qui</span> <span class='ocrx_word' id='word_1_207' title='bbox 531 3300 542 3329; x_wconf 89' lang='lat'><strong>,</strong></span> <span class='ocrx_word' id='word_1_208' title='bbox 574 3246 720 3344; x_wconf 84' lang='lat' dir='ltr'>inquit,</span> <span class='ocrx_word' id='word_1_209' title='bbox 751 3241 918 3344; x_wconf 77' lang='lat' dir='ltr'>militium</span> <span class='ocrx_word' id='word_1_210' title='bbox 934 3243 1001 3340; x_wconf 79' lang='lat' dir='ltr'>sub</span> <span class='ocrx_word' id='word_1_211' title='bbox 1022 3241 1083 3320; x_wconf 60' lang='grc' dir='ltr'>[ιμ’</span> 
     </span>
     <span class='ocr_line' id='line_1_29' title="bbox 62 3351 1084 3453; baseline 0.003 -23"><span class='ocrx_word' id='word_1_212' title='bbox 62 3353 182 3441; x_wconf 82' lang='lat' dir='ltr'>lieno.</span> <span class='ocrx_word' id='word_1_213' title='bbox 212 3367 246 3431; x_wconf 85' lang='lat' dir='ltr'>et</span> <span class='ocrx_word' id='word_1_214' title='bbox 267 3353 469 3432; x_wconf 79' lang='lat' dir='ltr'>tribunatus</span> <span class='ocrx_word' id='word_1_215' title='bbox 493 3354 637 3430; x_wconf 79' lang='lat' dir='ltr'>horrores</span> <span class='ocrx_word' id='word_1_216' title='bbox 653 3351 740 3452; x_wconf 80' lang='lat' dir='ltr'>fidei</span> <span class='ocrx_word' id='word_1_217' title='bbox 765 3375 885 3432; x_wconf 84' lang='lat' dir='ltr'>umore</span> <span class='ocrx_word' id='word_1_218' title='bbox 911 3367 1084 3453; x_wconf 77' lang='lat' dir='ltr'>contemp·</span> 
     </span>
     <span class='ocr_line' id='line_1_30' title="bbox 53 3463 1086 3566; baseline 0.006 -26"><span class='ocrx_word' id='word_1_219' title='bbox 53 3463 109 3558; x_wconf 78' lang='lat' dir='ltr'>fit.</span> <span class='ocrx_word' id='word_1_220' title='bbox 172 3466 248 3560; x_wconf 87' lang='lat' dir='ltr'>Qui</span> <span class='ocrx_word' id='word_1_221' title='bbox 268 3467 361 3543; x_wconf 88' lang='lat' dir='ltr'>idem</span> <span class='ocrx_word' id='word_1_222' title='bbox 385 3467 466 3544; x_wconf 83' lang='lat' dir='ltr'>aliae</span> <span class='ocrx_word' id='word_1_223' title='bbox 490 3466 524 3541; x_wconf 90' lang='lat' dir='ltr'>se</span> <span class='ocrx_word' id='word_1_224' title='bbox 552 3465 805 3566; x_wconf 89' lang='lat' dir='ltr'>obsequentem</span> <span class='ocrx_word' id='word_1_225' title='bbox 830 3467 863 3544; x_wconf 89' lang='lat' dir='ltr'>S.</span> <span class='ocrx_word' id='word_1_226' title='bbox 894 3467 1086 3566; x_wconf 80' lang='lat' dir='ltr'>Ambrosio</span> 
     </span>
     <span class='ocr_line' id='line_1_31' title="bbox 62 3576 1087 3678; baseline 0.001 -25"><span class='ocrx_word' id='word_1_227' title='bbox 62 3593 97 3654; x_wconf 85' lang='lat' dir='ltr'>et</span> <span class='ocrx_word' id='word_1_228' title='bbox 119 3579 291 3654; x_wconf 84' lang='lat' dir='ltr'>devotum</span> <span class='ocrx_word' id='word_1_229' title='bbox 320 3581 496 3678; x_wconf 86' lang='lat' dir='ltr'>praebuit,</span> <span class='ocrx_word' id='word_1_230' title='bbox 538 3576 591 3652; x_wconf 94' lang='lat' dir='ltr'>his</span> <span class='ocrx_word' id='word_1_231' title='bbox 621 3581 727 3662; x_wconf 85' lang='lat' dir='ltr'>etiarn</span> <span class='ocrx_word' id='word_1_232' title='bbox 754 3582 827 3675; x_wconf 90' lang='lat' dir='ltr'>(ut</span> <span class='ocrx_word' id='word_1_233' title='bbox 856 3579 1018 3676; x_wconf 85' lang='lat' dir='ltr'>perhibet</span> <span class='ocrx_word' id='word_1_234' title='bbox 1051 3577 1087 3669; x_wconf 82' lang='lat' dir='ltr'>a)</span> 
     </span>
     <span class='ocr_line' id='line_1_32' title="bbox 65 3685 1106 3795; baseline -0.003 -29"><span class='ocrx_word' id='word_1_235' title='bbox 65 3685 353 3779; x_wconf 84' lang='lat' dir='ltr'>Theodoretus)</span> <span class='ocrx_word' id='word_1_236' title='bbox 381 3711 463 3767; x_wconf 87' lang='lat' dir='ltr'>eum</span> <span class='ocrx_word' id='word_1_237' title='bbox 491 3689 612 3795; x_wconf 19' lang='lat' dir='ltr'>verbis·</span> <span class='ocrx_word' id='word_1_238' title='bbox 631 3690 842 3769; x_wconf 85' lang='lat' dir='ltr'>obtestatur:</span> <span class='ocrx_word' id='word_1_239' title='bbox 873 3691 970 3767; x_wconf 83' lang='lat' dir='ltr'>Sicut</span> <span class='ocrx_word' id='word_1_240' title='bbox 991 3685 1106 3766; x_wconf 45' lang='lat' dir='ltr'>diuis</span> 
     </span>
     <span class='ocr_line' id='line_1_33' title="bbox 409 3821 1032 3877; baseline 0.005 -3"><span class='ocrx_word' id='word_1_241' title='bbox 409 3833 411 3837; x_wconf 95' lang='lat'>·</span> <span class='ocrx_word' id='word_1_242' title='bbox 968 3821 1032 3877; x_wconf 84' lang='lat' dir='ltr'>nu-</span> 
     </span>
    </p>
   </div>
   <div class='ocr_carea' id='block_1_3' title="bbox 103 3932 1041 4112">
    <p class='ocr_par' dir='ltr' id='par_1_3' title="bbox 103 3932 1041 4112">
     <span class='ocr_line' id='line_1_34' title="bbox 103 3932 1041 4020; baseline -0.002 -16"><span class='ocrx_word' id='word_1_243' title='bbox 103 3941 190 4019; x_wconf 78' lang='lat' dir='ltr'>a)n.</span> <span class='ocrx_word' id='word_1_244' title='bbox 215 3960 261 4014; x_wconf 77' lang='grc' dir='ltr'>ςς.</span> <span class='ocrx_word' id='word_1_245' title='bbox 287 3959 314 4017; x_wconf 85' lang='lat' dir='ltr'>p.</span> <span class='ocrx_word' id='word_1_246' title='bbox 343 3949 429 4012; x_wconf 77' lang='lat'>¹188·</span> <span class='ocrx_word' id='word_1_247' title='bbox 474 3932 713 4009; x_wconf 72' lang='lat' dir='ltr'>minutius.</span> <span class='ocrx_word' id='word_1_248' title='bbox 737 3955 809 4004; x_wconf 74' lang='lat' dir='ltr'>ur.</span> <span class='ocrx_word' id='word_1_249' title='bbox 854 3935 1041 4020; x_wconf 64' lang='lat' dir='ltr'>c)llill.lib‚.</span> 
     </span>
     <span class='ocr_line' id='line_1_35' title="bbox 145 4019 1024 4112; baseline 0 -25"><span class='ocrx_word' id='word_1_250' title='bbox 145 4021 197 4112; x_wconf 80' lang='lat' dir='ltr'>ill.</span> <span class='ocrx_word' id='word_1_251' title='bbox 222 4043 247 4087; x_wconf 78' lang='lat' dir='ltr'>e.</span> <span class='ocrx_word' id='word_1_252' title='bbox 273 4031 300 4087; x_wconf 74' lang='lat'>6.</span> <span class='ocrx_word' id='word_1_253' title='bbox 344 4019 1024 4105; x_wconf 60' lang='lat' dir='ltr'>a)lliti,1ib.lll.ar6‚.outline.</span> 
     </span>
    </p>
   </div>
   <div class='ocr_carea' id='block_1_4' title="bbox 0 0 1217 4478">
    <p class='ocr_par' dir='ltr' id='par_1_4' title="bbox 0 0 1217 4478">
     <span class='ocr_line' id='line_1_36' title="bbox 0 0 1217 4478; baseline 0 0"><span class='ocrx_word' id='word_1_254' title='bbox 0 0 1217 4478; x_wconf 95' lang='lat' dir='ltr'> </span> 
     </span>
    </p>
   </div>
  </div>
 </body>
</html>
