2400 4478
32 349 34 354 Ι
181 236 346 339 'regnum
373 236 505 329 Christe
524 240 566 317 in
579 239 705 319 terlr‘r.
728 244 757 319 'c
784 238 952 321 XXXII.
1012 268 1099 341 aar:

49 401 142 481 linm
157 402 322 491 miserat,
352 424 436 480 cum
454 400 519 478 suo
543 422 630 502 rege
645 400 856 504 Cunegildo
872 406 1094 506 baptismum

48 514 300 613 susceperunt3
331 515 375 589 ad
407 511 516 589 linem
542 536 694 615 quoque
718 516 826 593 seculi
854 520 893 595 in
920 516 1027 598 Fufia
1053 534 1094 603 et

51 627 211 705 Saxonia
244 627 305 705 88.
332 626 589 703 Wilibrordus
622 649 665 702 ac
696 627 883 707 Suibertur
914 626 1095 732 evangelii
1130 631 1149 659 ‘

53 762 240 838 praecones
266 740 450 830 extitere3
498 741 534 814 in
563 736 692 835 Anglia
731 760 818 816 vero
846 739 1006 822 Edulnus
1026 756 1094 827 re'x

55 873 140 927 cum
155 851 316 948 plurimis
333 850 481 928 suorum
500 875 519 927 a
538 848 572 926 8.
591 848 741 929 Paulino
759 850 863 953 episc
878 854 949 933 eS.
963 856 1018 935 Au
1021 884 1094 959 gu
1122 887 1123 890 ‘

10 996 14 1005 ·
52 962 133 1039 llini
154 963 287 1050 sociis,
319 987 364 1041 eo
385 960 452 1040 aS.
468 953 659 1063 Gregorio
681 961 734 1040 Μ.
758 961 886 1054 millis,
916 968 961 1047 ad
979 970 1100 1055 fidem

48 1074 244 1151 conversus
264 1074 338 1163 est,
370 1088 413 1153 ut
445 1074 542 1174 apud
577 1096 697 1151 vener.
724 1072 897 1154 Bedam
886 1102 923 1155 ιιι
945 1082 1104 1171 historia
1148 1122 1154 1127 ·

48 1186 160 1285 Angl.
179 1186 240 1262 lib
257 1186 300 1264 ll.
321 1188 443 1287 legere
462 1188 521 1263 est.
576 1186 630 1264 Ad
647 1210 716 1265 uos
739 1186 800 1266 88.
816 1188 1092 1293 columbanus,

47 1296 212 1397 Magnus
235 1315 271 1376 et
288 1298 437 1385 Gallus,
462 1302 536 1375 eiua
553 1298 664 1386 socii,
684 1300 937 1392 diverterunt,
964 1311 1096 1402 (insti.
1178 1348 1185 1369 .

48 1423 136 1489 tuto
156 1409 276 1509 palirm
298 1412 501 1487 monastico
522 1411 651 1487 ordine
669 1410 714 1486 ad
736 1410 962 1495 dilatandum
984 1421 1100 1525 Chri-

46 1514 92 1599 sti
106 1520 386 1619 evangelium)
437 1518 641 1609 Bataviam,
678 1508 1001 1624 Westphalam,
1017 1534 1117 1615 Fen·

46 1608 163 1720 fiam,
194 1630 456 1721 Franconiam,
487 1630 724 1721 Helvetium,
755 1636 925 1719 Sueviam
948 1647 1109 1731 obertu·¹
1153 1676 1157 1683 ’

47 1760 114 1823 ter.
175 1742 234 1821 Sic
255 1742 406 1823 acereta
442 1744 597 1821 militaus
623 1768 781 1845 regnum
800 1748 973 1831 Christi
962 1760 1077 1833 1;.er·

50 1860 101 1933 ric
124 1854 209 1933 dum
236 1860 273 1932 in
296 1856 452 1935 Oriente
468 1856 661 1945 decrescit,
692 1861 730 1934 in
749 1856 956 1946 Occidente
965 1872 1079 1937 llere·

49 1983 172 2075 menta
196 1971 351 2068 accipit,
383 1984 561 2046 armatura
576 1969 770 2069 apostolica
779 1996 793 2066 3
822 1994 906 2053 cum
935 1968 1093 2055 tireno-⁵

47 2104 117 2159 vua
139 2094 297 2158 armatur
315 2080 451 2168 hostia,
482 2103 578 2157 nova
598 2098 802 2169 armatura,
832 2088 956 2186 gladi«
973 2100 1080 2156 nem·

48 2215 97 2293 pe
116 2192 332 2291 religionem
349 2193 574 2269 christianam
600 2193 843 2294 persequens,
872 2202 980 2295 eaqle
993 2213 1094 2296 pro·-

47 2302 171 2405 fligata
192 2305 290 2382 luam
309 2304 520 2383 inducturus
544 2302 784 2384 Mahometea.
895 2332 901 2341 ·
1082 2332 1086 2342 ·

10 2490 14 2495 ·
134 2464 239 2546 Dum
256 2490 389 2567 nempe
403 2466 642 2573 imperatores
660 2467 697 2539 in
722 2458 896 2552 Oriente,¹
916 2446 1102 2595 negletlo}

10 2652 22 2661 .
47 2581 231 2681 imperio,
257 2580 441 2679 religionis
457 2578 490 2655 le
509 2576 616 2654 rebus
632 2570 802 2667 miscent,
832 2590 941 2675 atque
962 2578 1100 2655 omnia

10 2694 85 2769 ‘in
119 2688 274 2769 Ecclesia
300 2690 540 2793 perturbant,
570 2660 673 2786 super
694 2707 824 2762 omnes
853 2685 977 2764 alios
966 2688 1088 2763 immi·
1111 2751 1117 2773 ,

49 2819 177 2882 nentes
216 2806 252 2883 in
287 2800 443 2883 Oriente
472 2798 615 2881 hostes
627 2790 913 2877 Saracenorum
927 2786 1101 2877 lirabur'n

49 2940 141 3017 gens
166 2930 275 3016 caput
295 2912 399 2993 effert
420 2908 643 2991 Mahomede
674 2908 802 2996 duce,
831 2907 967 2987 setiam
989 2909 1090 2991 suam

10 3118 26 3131 „
49 3030 248 3107 christianae
269 3028 439 3127 religioni
460 3034 717 3128 opponente,
730 3044 810 3121 quae
830 3019 1013 3125 hodieque
1029 3036 1089 3103 to-

10 3144 12 3154 '
51 3157 131 3220 tum
155 3141 349 3242 imperium
380 3134 645 3235 Ecclefiamque
678 3133 894 3213 orientalem
914 3136 1003 3212 olim
1019 3134 1101 3214 flo-

10 3264 30 3281 ‘
49 3252 281 3331 rentrffimam
299 3265 419 3341 tenet
450 3272 514 3352 per
536 3238 745 3347 Europam,
776 3242 918 3336 Aliam,
948 3262 985 3327 et
998 3247 1093 3328 Afrr

21 3389 131 3463 ‘cam
161 3364 309 3454 diffutm
338 3360 630 3464 epochamquel
627 3382 708 3437 uam
726 3358 771 3436 ab
791 3356 949 3461 HegIra,
982 3382 1093 3467 quam

14 3490 217 3565 vocant,
246 3474 344 3555 anno
361 3476 492 3555 Christi
511 3484 601 3579 ⁶2?-
623 3471 762 3573 repetit.
901 3574 907 3585 .

9 3654 34 3729 j.-
140 3636 289 3717 Milium
314 3637 348 3715 se
370 3636 488 3716 aDeo
508 3636 695 3715 venditans
711 3636 871 3736 primum
889 3634 1094 3715 Mahomed

10 3790 32 3837 ς
51 3751 95 3829 ad
109 3751 360 3831 idololatriam
378 3754 414 3826 in
426 3750 554 3827 Arabia
564 3752 677 3849 patria
693 3750 752 3825 lua
768 3744 1094 3841 exterminandam,

10 3904 31 3951 g
54 3862 217 3942 nonnisi
241 3860 522 3965 patriarcharum
551 3865 589 3938 in
608 3874 680 3939 vec
698 3858 797 3937 Tere
826 3860 1010 3938 restituere
1038 3885 1107 3939 raa

10 3973 234 4089 gligionem
261 3974 475 4078 praesetulit:
520 3972 619 4055 unde
647 3969 962 4052 circumcisionem
990 3972 1099 4057 indu-
1181 4054 1186 4063 ,

550 4085 642 4167 Ta
954 4086 1035 4181 xit.
