2400 4478
103 229 190 308 ora
472 212 618 313 brusa
643 212 805 295 militant

107 379 546 487 gerunt,actribunalad
559 379 678 459 uersus
691 372 1018 478 tribunalerlgnnt.
1040 373 1144 458 Eiur-

107 496 214 577 modi
245 493 297 571 est
320 490 499 571 famosum
525 496 563 569 in
591 490 811 592 Eutychiana
834 488 956 568 haeres
977 489 1144 569 Zenonis

108 610 200 708 imp.
226 605 443 682 henoticum
468 603 514 680 ad
546 603 768 682 eludendum
794 602 1019 683 Chalcedon
1058 626 1147 681 cou-

107 720 246 799 cilium.
305 713 390 799 Eius
410 718 520 793 nobit
538 717 668 794 malam
690 715 877 802 indolem,
902 728 1015 815 atque
1032 716 1147 794 infru..

108 835 225 909 uitam
241 826 421 905 licentiam
442 826 637 928 Euagrius,
664 826 855 914 Zonaras,
876 826 1146 929 Theophanen,

108 940 300 1023 cedrenus
322 941 552 1041 loquuntur,
581 965 629 1019 oo
656 937 906 1043 progressam,
935 956 981 1016 ut
1006 940 1147 1017 ethnica

108 1057 218 1133 etiam
246 1051 452 1131 consuleret
479 1052 634 1131 oracula.
691 1050 863 1133 Henotici
886 1048 1039 1131 Zenoni
1063 1054 1147 1150 imp.

108 1165 206 1243 idom
233 1160 358 1243 ausior
383 1163 453 1242 suit
495 1165 678 1250 Aeacius,
708 1168 784 1265 ·qui
816 1154 924 1241 etlam
955 1162 1147 1241 schismatis

105 1277 374 1357 occidentalem
398 1280 493 1353 inter
514 1293 552 1354 et
580 1276 793 1354 orientalem
816 1273 1001 1354 ecclesiam
1038 1277 1146 1353 amu·

107 1390 250 1471 latione
276 1389 430 1490 quadam
456 1387 583 1477 Romae
609 1393 627 1485 (
641 1412 750 1490 quarn
769 1402 928 1465 veterem
949 1385 1146 1476 dicebant)

107 1526 153 1593 ac
179 1524 309 1591 uota.
349 1499 480 1604 Cpolia
509 1504 709 1595 nimirum3
743 1524 825 1600 qua
850 1499 918 1581 icc
946 1497 996 1581 V.
1025 1505 1146 1585 conci·

106 1613 149 1702 io
175 1614 364 1699 abarbaria
392 1616 574 1713 imperio,
614 1611 809 1715 Romaque
839 1614 949 1690 toties
981 1611 1143 1711 direpta,

107 1742 146 1815 et
173 1724 346 1809 aGotlria
375 1728 512 1821 (noro
534 1749 669 1824 genere
692 1723 849 1808 hostium
877 1724 1069 1809 militantia
1091 1747 1145 1809 ec·

107 1835 221 1926 clelia
256 1836 393 1936 ubique
425 1840 594 1934 gentium
626 1832 795 1926 diffuso)
830 1850 1034 1947 occupata,
1081 1859 1147 1922 una

106 1948 178 2035 suit
208 1950 471 2048 imperatorum
500 1946 598 2032 sedes
615 1972 656 2034 ac
684 1951 795 2056 regia.

194 2130 423 2213 Gralsabatur
451 2133 571 2220 adhuc
600 2133 663 2211 sec.
694 2131 743 2211 V.
789 2131 1070 2223 Donatistarum
1112 2136 1147 2220 in

106 2243 227 2334 Asrica
268 2243 449 2335 schisma,
501 2247 602 2436 guod
632 2245 699 2321 levi
727 2244 772 2325 de
806 2246 905 2333 caula
933 2247 998 2324 sub
1028 2248 1147 2347 primo

106 2357 301 2439 christiano
321 2360 484 2459 principe
539 2358 754 2434 nnstantino.
781 2373 928 2443 ortum,
952 2356 1145 2447 Ecclesiam

108 2468 277 2555 discidit,
322 2475 434 2570 genio
480 2473 648 2548 omnium
677 2488 777 2546 retro
811 2468 1019 2551 seculorum
1052 2468 1151 2561 schis-

106 2585 353 2666 maticorum,
394 2585 456 2683 qui
476 2582 514 2671 u)
542 2639 564 2675 „
583 2606 657 2659 non
691 2582 861 2658 habentes
884 2580 954 2659 Dei
968 2580 971 2585 ’
986 2582 1147 2660 dilesiio·

104 2750 129 2788 .,
160 2719 244 2772 uem
275 2693 445 2795 suamque
478 2694 664 2773 utilitatem
700 2696 822 2794 potius
854 2692 1144 2779 considerantes.

106 2861 131 2901 „
161 2831 270 2907 quam
307 2814 479 2891 unitatem
511 2804 669 2895 Ecclesia
716 2822 866 2905 propter
911 2809 1076 2887 modicas
1115 2820 1148 2884 et

105 2972 130 3019 ‚,
160 2921 335 3016 quaslibet
362 2919 476 2999 causas
506 2942 680 3016 magnum
703 2935 740 2993 et
770 2912 984 3016 gloriosum
1006 2927 1144 3019 corpur

103 3083 128 3131 „
158 3029 287 3108 Chrilli
301 3030 562 3114 conscindunt,
580 3047 616 3105 et
629 3028 801 3107 dividunt.
826 3029 934 3109 Nulla
946 3033 992 3110 ab
1005 3037 1058 3107 ais
1071 3046 1143 3108 tan·

102 3195 127 3240 „
157 3158 191 3215 ta
220 3142 293 3217 sieri
322 3143 437 3240 potest
464 3147 665 3240 correptio,
711 3159 843 3242 quanta
872 3143 921 3228 est
951 3143 1144 3227 schismatis

101 3306 129 3356 ἓ,
158 3256 342 3349 perniciem,
403 3253 580 3331 ludicabit
598 3278 661 3330 eos
682 3277 809 3330 omnes
828 3252 951 3340 Deua,
982 3259 1050 3355 qui
1071 3255 1146 3341 sunt

102 3415 127 3465 „
157 3379 257 3445 extra
280 3367 486 3471 raritatem,
520 3366 593 3442 hoc
615 3367 665 3446 est
688 3387 789 3449 extra
816 3363 1023 3450 Ecclesiam.
1042 3370 1143 3458 &c.„

189 3521 402 3621 Perfugium
423 3524 624 3604 Donatista
645 3529 803 3631 primum
828 3527 924 3627 apud
948 3531 1145 3628 imperato-

100 3660 178 3713 rem
207 3638 415 3736 querebant
442 3641 762 3738 patrociniumque
790 3639 947 3739 persidia
968 3639 1040 3720 suae
1064 3664 1146 3751 erga

101 3742 319 3841 Ecclesiam,
350 3752 475 3862 quod,
518 3750 606 3839 duna
629 3753 751 3864 postea
777 3776 796 3841 a
826 3750 1003 3865 religiosis
1035 3756 1150 3856 impe..

990 3879 1093 3955 RQ

70 4049 844 4135 ¹mloenmmmlmresliulsasa·
