2400 4478
205 223 355 312 'rogorum
375 202 503 302 (siritii
525 214 565 288 in
588 203 708 290 irrisi.
728 206 771 291 ·'c.
806 183 918 296 XXI.¹
992 219 1073 301 131¹
1160 305 1167 317 .

129 374 225 474 Quae
269 399 317 452 ex
356 374 599 452 ceterisiliius
647 375 803 473 epistolis
841 392 951 478 pauca
983 381 1076 465 loca·
1154 389 1164 440 ·'

23 480 146 568 selesia
176 487 367 572 dedimus,
399 487 476 562 satis
506 485 697 562 manifeste.
715 485 913 578 declarant,
945 500 1096 577 omnia·
1144 519 1149 530 ’

24 601 137 680 veluti
160 600 385 698 recapitulari
407 603 442 674 in
467 599 587 674 divina
605 596 662 674 illa
687 622 705 672 a
732 599 876 678 Christo
900 607 1072 688 rniffionu
1132 611 1135 616 ’

22 729 59 792 et
94 713 138 790 ab
170 712 339 812 apostolis
380 707 596 787 succeffione
629 696 858 809 personarum
894 713 995 794 simul
1028 743 1071 799 ac
1099 713 1103 718 ‘⁴

23 826 197 904 dostrinoe
216 826 330 923 cupita
352 825 389 898 in
412 823 674 901 communione
694 819 852 900 Ecclesiae
870 828 1069 920 catholicae,

24 962 137 1040 quam
160 937 196 1014 S.
221 935 376 1014 lrenaeus
398 933 626 1009 traditionem
655 932 822 1023 vocatu)
840 937 1070 1041 apostulorum

23 1055 63 1129 in
88 1060 164 1126 toto
189 1047 318 1123 mundo
346 1041 604 1144 manifestatam
624 1049 662 1119 in
687 1048 784 1120 omrai
805 1047 956 1138 ecclesio,
977 1079 1071 1133 con-

27 1182 81 1242 tra
99 1163 354 1257 hoereticorum
380 1183 510 1258 nempe
531 1161 708 1235 novitates
728 1159 797 1234 &c
828 1208 851 1250 „
866 1158 1068 1257 Habemus,

18 1272 171 1376 subdit,
203 1294 438 1349 annumerare
461 1295 548 1367 eos,
581 1273 643 1370 qui
659 1273 703 1344 ab
720 1270 890 1368 apostolia
919 1276 1073 1358 instituti

24 1439 48 1482 -„
77 1386 164 1465 sunt
187 1383 344 1484 episcopi
370 1387 408 1459 in
436 1372 609 1467 ecclesiis,
642 1398 678 1491 ee
704 1381 917 1462 successores
940 1373 1073 1468 eorum

25 1548 50 1595 ‚·,
79 1498 194 1598 usque
227 1496 271 1572 ad
301 1509 392 1583 nos,
423 1498 485 1594 qui
514 1484 603 1569 nihil
632 1493 700 1568 tale
726 1482 940 1575 docuerunt.
993 1498 1072 1581 sed

26 1664 49 1708 „
81 1611 256 1713 quoniam
288 1607 390 1683 valde
418 1598 575 1704 longum
608 1605 677 1693 est,
706 1611 874 1688 omnium
911 1599 1073 1690 ecclesia.

26 1783 51 1819 „
74 1745 157 1800 rum
179 1735 389 1820 enumerare
411 1708 660 1795 successrones:
683 1709 845 1799 Ecciefiae
867 1737 885 1796 a
909 1716 1019 1802 Petro
1036 1734 1074 1806 'et
1146 1748 1148 1752 ’

26 1834 194 1932 „Paulo
236 1830 364 1909 Romae
403 1832 561 1923 fundare
598 1827 705 1906 noem
728 1838 804 1931 'per
829 1822 1073 1918 successionne

28 1997 52 2044 ‚3
82 1946 339 2047 episcoporum
368 1940 778 2044 pervenientemusqne
802 1944 846 2021 ad
879 1961 948 2024 nos
978 1950 1074 2028 india

28 2119 52 2155 ‚,
81 2074 207 2138 cantes
246 2050 506 2133 confundimus
551 2058 690 2130 omnes.
717 2104 740 2148 ‚·,
818 2055 914 2136 Cum
954 2051 1073 2142 clerae

29 2189 66 2253 et
98 2165 317 2249 consessores
347 2164 607 2266 Lugdunenses
639 2171 835 2267 partimin
870 2167 1005 2261 Anam,
1036 2187 1076 2253 et

31 2284 225 2384 Phrygiam
250 2306 291 2358 ac
315 2272 471 2358 Romam
493 2279 537 2355 ad
559 2278 822 2357 conciliandam
850 2295 975 2381 pacem
999 2287 1076 2386 epia

31 2396 138 2474 stolas
171 2398 207 2470 in
236 2393 335 2470 causa
365 2391 534 2493 paschatis
557 2394 759 2478 mitterent,
791 2407 968 2490 rogarunt
1003 2395 1076 2475 ire.-

31 2525 175 2591 naeum,
207 2522 247 2583 ut
272 2521 327 2580 ens
349 2503 420 2604 ipse
436 2477 482 2601 jao
509 2492 754 2582 Eleutherion]
776 2495 809 2579 P.
837 2503 878 2587 R.
907 2508 1074 2588 deferrem

33 2621 121 2716 Qua
151 2617 196 2695 de
227 2638 264 2695 re
296 2619 402 2700 etiarn
432 2615 476 2690 ad
506 2612 692 2691 Visiorem
731 2614 817 2690 fassa
847 2618 897 2692 est
923 2614 1074 2711 relatio,

29 2739 71 2811 in
111 2729 209 2808 causa
259 2727 424 2829 baptismi
468 2726 719 2803 haereticorum
752 2725 795 2801 ad
826 2726 1076 2833 Stephanum}

41 2851 80 2924 in
106 2845 206 2922 causa
232 2840 473 2948 moechorum
492 2839 535 2914 ad
564 2836 834 2937 Zepherinum,
866 2840 1081 2945 semperque

33 2978 147 3060 penes
166 2953 338 3032 Romanae
352 2952 438 3029 sedis
457 2950 665 3028 sententiam
680 2951 772 3027 stetit
787 2953 990 3052 apostolicae
1009 2972 1080 3036 trac

36 3071 187 3148 ditionis
207 3069 357 3151 veritas,
377 3077 476 3164 aqua
493 3065 556 3139 suo
578 3063 743 3161 periculo
769 3061 833 3139 viri
854 3069 959 3144 eriam
985 3069 1081 3148 suma
1131 3110 1134 3115 -

40 3187 91 3260 nri
116 3177 342 3257 secessionem
375 3177 563 3261 iecerunt,
594 3174 704 3252 veluti
729 3171 1081 3283 Tmtuiiianus3'qus

39 3294 164 3374 samen
190 3294 225 3367 in
244 3306 354 3368 aureo
385 3289 425 3364 <se
442 3287 833 3365 Pansam-amanus
850 3289 946 3367 libro
963 3315 1008 3370 ex
1026 3300 1082 3372 in·-

36 3408 165 3483 stituto
194 3405 343 3480 eandem
374 3400 535 3500 regulam
561 3398 655 3475 iliam
685 3400 886 3479 traditionis·
911 3408 1082 3505 apostolic

39 3530 112 3604 cae,
132 3539 177 3593 ex
199 3517 233 3592 S.
258 3515 393 3592 irenaeo
411 3514 525 3588 modo
546 3511 707 3598 allatam,
729 3514 954 3617 explanatae
975 3533 1082 3618 urget

39 3644 169 3709 contra
191 3623 395 3712 haereticos,
423 3646 515 3726 quos
534 3622 777 3723 compellans,
808 3625 959 3719 „Edant
975 3647 1080 3728 ergo,

41 3745 94 3819 ait
125 3765 152 3817 c.
193 3756 254 3829 32.
285 3744 467 3837 originem
498 3734 723 3814 ecclesrarum
753 3737 896 3816 suarum
927 3743 974 3815 ita
1016 3760 1082 3840 per

41 3912 62 3947 „
93 3851 326 3930 successiones
357 3852 401 3927 ab
427 3852 546 3925 initio
565 3851 839 3940 decurrentem,
872 3861 914 3926 ut
940 3855 1084 3950 primus

43 3966 152 4043 Tou.
185 3965 212 4041 1.
553 3959 584 4038 L
968 3949 1032 4040 ille

89 4076 124 4152 a)
146 4069 199 4133 sib.
220 4067 273 4132 111.
295 4077 397 4132 contra
423 4062 520 4132 hares
547 4086 573 4132 a
599 4077 626 4148 ξε
779 4078 781 4083 ·
