2400 4478
46 244 52 255 -
93 214 147 291 qo
447 182 590 282 &elada
617 192 777 274 miiitum

90 378 173 441 tere
190 359 229 436 in
262 356 577 436 consummatione
597 355 711 435 saecaii
740 370 825 436 ante
845 371 1061 440 extremam
1081 360 1136 444 uu

91 472 252 557 dicium,
281 486 364 547 aute
382 469 484 569 quod
511 465 634 571 ¹'qadim
669 468 728 549 SS.
752 469 870 553 Patres
895 491 932 551 et
955 475 1133 575 interque·

90 598 142 660 tea
169 581 264 659 aliud
292 581 496 678 agnoscunt
530 580 727 668 iudicium.
764 582 912 682 dequo
939 583 1132 667 Christus:

88 690 198 773 Nune
224 691 394 768 iudicium
430 689 475 785 esi
514 693 668 779 mnndi,
716 710 809 768 nnnc
833 696 998 793 princepe
1028 698 1133 778 huius

86 803 210 881 meandi
234 805 397 880 eiieiutur
411 797 528 899 forus.
587 802 762 881 iudicium
790 805 863 881 hoc
883 810 1045 906 primum
1069 834 1131 888 ex.

86 919 180 1019 perti
203 914 284 992 ium
317 915 424 993 iadaei
447 917 484 993 iu
508 919 610 992 ruina
634 917 731 994 urbis
748 930 785 994 et
807 916 1026 1016 disperfioue
1040 944 1129 1021 gem·¹

86 1032 160 1113 tie.
191 1031 228 1103 in
258 1052 334 1129 qua¹
356 1027 475 1104 adhuc
505 1024 711 1120 amiantum
749 1030 917 1128 deinceps
943 1033 1125 1129 gentiles.

88 1143 153 1242 qui
176 1154 265 1217 tanc
287 1136 487 1216 Romanam
514 1139 780 1216 constituebant
813 1142 1061 1219 monarchiam
1087 1145 1126 1221 ii·

87 1249 183 1338 iam,
215 1274 295 1353 quae
324 1249 462 1327 corruit
490 1246 607 1351 lapide
628 1248 776 1331 Christo
804 1249 879 1329 iesu
905 1252 1054 1332 abiciffo
1081 1256 1127 1335 de

88 1378 217 1441 monte
233 1363 350 1439 fando
376 1359 458 1440 Dei.
517 1360 640 1454 Quem
663 1363 758 1437 diem
778 1363 966 1463 respiciens
985 1371 1126 1449 eminus

84 1474 124 1553 S.
156 1470 378 1577 Hippolytus
413 1468 465 1550 M.
487 1486 617 1572 utpote
635 1473 752 1550 adhuc
778 1475 840 1551 iub
870 1475 1125 1572 persecutioni«

89 1589 264 1671 buecum
285 1582 434 1663 Ecclesia
457 1582 568 1684 preisa
587 1607 764 1683 gemam,
794 1586 833 1675 a)
850 1585 1035 1683 Reliquum
1059 1588 1122 1680 ed,

86 1702 163 1784 ait.
192 1708 233 1773 ut
251 1700 375 1776 vendat
402 1696 441 1770 de
469 1691 550 1772 cula
567 1695 685 1793 lupis,
716 1700 778 1794 qui
803 1697 962 1795 perculit
982 1698 1121 1789 dmula·

87 1829 215 1893 trum,
246 1808 415 1882 cominuit
433 1806 546 1894 idud,
576 1819 611 1882 et
635 1807 821 1885 transtulit
848 1816 966 1887 omnia
988 1835 1121 1910 regna,

87 1931 123 1996 et
139 1917 234 1994 dedit
248 1939 397 2013 ragnum
413 1915 547 2012 suendis
566 1917 734 2014 Aitiffimi.
795 1911 867 1999 Hic
881 1921 1000 2022 soiius
1027 1948 1126 2004 muns

85 2051 265 2128 mugnus,
294 2040 328 2105 et
359 2025 521 2127 impleuit
546 2028 749 2141 universnm
766 2040 915 2110 terram.
953 2032 1018 2113 ut
1038 2060 1125 2137 pau.

86 2142 124 2220 io
149 2142 249 2243 post:
302 2140 591 2239 Oportetigituq
617 2144 783 2228 eumuna,
814 2154 854 2215 ut
874 2143 944 2235 sex
958 2148 1123 2223 midium

86 2274 260 2330 ontearum
297 2275 463 2331 numerus
493 2250 751 2347 adimpleatur,
782 2262 822 2324 ut
843 2257 965 2327 veniat
990 2255 1127 2336 Sabim.

86 2377 162 2441 tum
179 2421 190 2451 ‚
210 2363 345 2462 scilicet
368 2369 526 2463 requies,
557 2364 626 2441 dies
640 2360 788 2464 sunda,
820 2363 860 2436 iu
886 2387 954 2457 qua
979 2372 1122 2465 requie.

85 2482 137 2554 eit
163 2476 265 2557 Deus
290 2481 335 2555 ab
351 2478 520 2554 omnibus
543 2475 710 2571 operibus
727 2473 802 2548 suis.
861 2470 1048 2549 Sabbatum
1063 2491 1121 2569 ty.

83 2605 150 2688 pus
172 2587 242 2681 eli,
272 2602 307 2665 et
331 2595 447 2685 imago
463 2584 587 2684 staturi
601 2584 705 2678 requi
722 2579 947 2677 fundorum,
979 2592 1118 2680 quando

84 2701 284 2798 regnabunt
309 2724 385 2777 cum
406 2693 559 2783 Ciuilim
589 2693 792 2768 adveniente
816 2693 889 2792 ipso
914 2695 1057 2786 ecelis,
1075 2710 1118 2778 ut

82 2813 246 2891 Ioannes
265 2816 304 2888 in
330 2811 399 2910 suu
445 2801 639 2903 Apocalypsi
681 2817 837 2882 enarrat.
896 2807 984 2886 Dies
1017 2813 1117 2888 enim

85 2925 242 3006 Domini
264 2936 432 3019 tauquam
455 2916 551 2992 mille
569 2918 662 2993 anui.
720 2915 898 3020 Quoniam
924 2921 1040 3016 igitur
1046 2922 1115 3018 sex

87 3036 204 3116 diebus
222 3028 412 3131 Deuafecit
432 3030 571 3115 omnia,
601 3037 737 3124 oportet
751 3027 869 3124 sexies
895 3031 985 3106 mide
1004 3051 1114 3110 auum

80 3142 301 3243 'adimpleri3
330 3138 480 3216 nundum
506 3140 598 3214 euim
624 3137 804 3238 adimpleti
817 3139 930 3237 fiunt,
953 3142 1042 3233 ficut
1059 3142 1115 3219 lo.-

83 3268 189 3334 munes
208 3255 314 3338 uteie,
337 3255 496 3354 quinque
519 3251 754 3338 exciderunt,
778 3276 869 3330 unua
887 3268 1006 3330 manet
1020 3303 1030 3342 ,
1041 3255 1114 3354 sci·

80 3368 162 3444 iicet
175 3364 325 3465 sextus,
369 3363 455 3441 alius
483 3363 649 3467 nondum
685 3367 792 3439 uenit.
851 3364 969 3442 Alium
996 3360 1115 3441 uniam

83 3479 181 3555 diem·
195 3474 389 3575 statianum
417 3486 689 3561 commemorat,
729 3478 767 3549 in
801 3499 866 3570 quo
892 3474 935 3563 ed
967 3479 1111 3571 requies.

83 3587 128 3667 Et
155 3610 269 3662 mun:
302 3589 333 3662 A
341 3591 569 3682 generatione
595 3588 709 3681 igitur
739 3579 865 3674 euritii
893 3590 1113 3683 computandi

82 3697 163 3791 suni
182 3696 312 3795 reliqui
341 3702 524 3796 quingenti
547 3700 658 3786 anni,
697 3709 736 3774 ad
751 3695 817 3797 sex
832 3698 981 3775 millium
1005 3719 1112 3775 utinm

976 3830 1059 3887 rum

25 3933 28 3938 Ι
116 3970 155 4052 m)
175 3960 283 4049 intem
307 3969 339 4034 in
358 3955 431 4034 Dum
456 3974 484 4048 p.
508 3967 559 4047 93.
