2400 4478
89 200 147 272 ιο
449 177 595 272 Ecclesia
621 178 783 259 militans

88 347 138 429 Et
159 345 252 424 infra
281 343 342 422 lin.
369 341 418 420 V.
448 366 526 444 cap.
560 354 622 419 26.
683 341 723 434 a)
751 342 790 420 Si
822 366 908 442 ergo
940 338 1038 423 Dens
1066 369 1138 423 ma·

82 483 181 560 graus
196 456 409 554 fignificuuit
420 472 486 552 per
503 453 687 531 Danielem
704 448 864 557 futuro,
895 468 928 533 et
941 471 1009 554 per
1017 457 1137 555 filium

89 570 340 669 confirmauit,
385 580 422 644 et
441 564 593 652 Clriilns
613 564 659 653 eil
684 567 804 664 lupis,
829 573 892 664 qni
906 570 1074 669 precisus
1095 571 1137 656 eo

81 682 157 780 fine
175 679 363 767 monibus,
409 682 471 777 qui
502 676 650 767 dedirunt
672 679 882 775 temporalia
920 705 1064 778 regnu,
1105 695 1137 760 et

87 807 256 872 mmnnm
275 793 435 876 inducet,
457 815 529 888 qnae
541 789 586 876 eil
598 787 768 877 iuilornm
783 790 1005 889 resurreliio.
1069 793 1134 874 Re.

89 908 286 993 suscitavit,
309 907 383 991 aii,
414 902 515 982 Deus
535 904 622 980 coeli
651 927 833 1002 regnum,
865 908 967 1006 quod
989 909 1025 983 in
1040 924 1136 985 aeter·

87 1043 178 1098 num
198 1040 384 1119 uunquam
405 1032 686 1115 corrumpetur5
716 1011 893 1114 confutati
912 1015 1131 1119 redpisoont,
1171 966 1186 1111 ff

89 1134 152 1229 qni
179 1129 418 1225 Demiurgum
448 1127 626 1226 respuunt.
746 1136 749 1143 “

143 1290 389 1372 Tertullianus
435 1289 634 1391 prophetia
665 1283 825 1368 Danielis
861 1285 905 1368 ll.
943 1287 983 1381 lt)
1012 1291 1129 1376 lsaiam

89 1407 212 1504 iungit
237 1405 513 1505 predicantem,
554 1401 646 1499 qnod
660 1406 698 1476 in
719 1399 907 1499 nooiffimis
921 1403 1041 1482 diebus
1060 1431 1132 1482 ma·

87 1515 232 1619 misellus
243 1515 395 1618 fleturus
425 1513 501 1615 effer
522 1537 618 1592 mont
644 1513 817 1603 Domini,
845 1527 880 1590 et
900 1514 1036 1594 Domus
1065 1513 1131 1597 Dei

81 1629 194 1730 super
227 1635 377 1708 vertices
410 1632 608 1714 montium,
648 1642 685 1704 et
716 1626 953 1715 exaltabitur,
983 1633 1129 1728 inquit,

89 1743 195 1845 super
221 1740 359 1826 colles,
391 1743 536 1815 venient
562 1739 666 1838 supet
694 1739 795 1816 illum
827 1762 958 1817 omnes
978 1758 1129 1840 gentes,

88 1869 127 1931 et
157 1853 393 1930 ambulabunt
414 1852 544 1934 multi,
576 1866 612 1925 et
636 1851 788 1927 dicent:
819 1856 939 1930 venite
967 1855 1131 1934 asceuda-

87 1968 230 2040 musio
263 1978 425 2037 montem
453 1959 636 2046 Domini,
668 1977 704 2035 et
733 1965 770 2036 in
799 1963 952 2042 domum
982 1963 1056 2044 Dei
1080 1968 1131 2046 la-

86 2076 181 2159 ceb,
213 2075 341 2148 nonin
371 2070 459 2170 Esou
485 2073 619 2167 prioris
639 2067 742 2164 filii,
787 2072 918 2171 sedin
954 2076 1057 2154 Iacob
1080 2083 1132 2173 [e.

83 2189 250 2283 quentis,
281 2183 320 2259 id
335 2180 403 2269 eli,
429 2180 551 2279 populi
572 2178 698 2270 noilri,
730 2189 827 2262 onius
846 2211 947 2266 mons
974 2188 1128 2279 Chrillns

84 2294 130 2384 ull
150 2296 227 2392 stne
260 2294 419 2374 manibus
452 2295 705 2370 concidentium
731 2297 931 2394 precisus,
980 2300 1128 2400 implens

85 2428 222 2486 omnem
239 2420 397 2493 terram,
439 2407 533 2502 opnd
554 2405 736 2482 Danielem
758 2407 912 2508 ostensus.
971 2411 1127 2494 Videtur

84 2519 146 2602 hic
168 2520 412 2598 Tertullianus
447 2520 490 2594 ad
518 2519 720 2596 ludaeorum
762 2522 938 2622 loquendi
967 2528 1125 2606 'modum

84 2635 300 2719 attendere,
350 2633 411 2732 qui
440 2645 584 2727 gentem
616 2631 710 2706 luam
743 2631 966 2712 israeliticam
999 2663 1044 2716 ex
1067 2663 1126 2740 pa.

83 2747 237 2824 triarcha
264 2745 371 2823 lacob
397 2741 673 2840 distinguentes,
698 2742 890 2823 Romanos
909 2754 1123 2848 progeniem

82 2852 201 2942 Edem
222 2859 280 2935 seu
308 2855 394 2935 Esau
423 2855 673 2954 compellant,
715 2875 754 2933 ut
789 2859 861 2933 ianr
887 2859 990 2960 supra
1017 2866 1123 2945 etlam

83 2969 120 3053 S·
144 2969 316 3048 Iacobum
362 2966 573 3046 Nifibenum
614 2969 659 3043 de
700 2985 861 3070 quatuor
903 2976 1123 3054 monarchiis

84 3079 308 3163 differentem
347 3082 589 3165 audivimus,
641 3104 726 3180 quas
759 3082 840 3157 alibi
875 3079 1123 3167 Tertullianon

82 3197 280 3299 generatim
309 3197 443 3291 tangit,
476 3192 657 3271 Christum
688 3195 792 3270 nobis
817 3193 935 3272 sostens
963 3202 1121 3297 primum

82 3307 237 3409 lapidem
280 3304 488 3383 offeosronis
526 3307 562 3380 lo
593 3308 713 3404 primo
752 3306 934 3394 adventu,
989 3330 1119 3412 nempe

84 3420 249 3505 aludaen
288 3422 520 3518 reprobatum
562 3415 716 3515 lapidem
762 3420 1001 3517 angularem,
1054 3424 1118 3523 qui

85 3534 190 3623 fadus
211 3531 261 3608 est
286 3536 322 3605 in
339 3548 446 3629 caput
468 3529 611 3625 anguli:
642 3532 742 3616 inm,
776 3532 855 3607 sunt
870 3533 994 3609 eadem
1016 3556 1118 3634 prot·

87 3642 159 3737 ω’,
199 3657 241 3721 ut
272 3642 352 3718 aliae
383 3640 503 3741 pallim
529 3654 564 3715 et
595 3642 631 3714 in
661 3634 721 3715 lib.
752 3658 877 3719 contra
917 3644 1056 3722 ludaeos
1084 3670 1115 3726 c.

94 3784 150 3863 η.
176 3772 211 3833 et
230 3755 291 3831 lib.
320 3747 379 3831 ΙΙΙ.
411 3750 445 3841 c)
469 3751 628 3831 adversm
657 3748 885 3833 Marcionem
906 3776 936 3834 c.
959 3777 994 3850 7.
1026 3751 1115 3835 Tet-

116 3968 206 4067 ,μὴ
230 3986 259 4053 p.
290 3981 359 4050 aaa.
426 3967 459 4046 i)
484 3967 624 4034 Moerin
648 3966 762 4036 ludaeos
782 3988 808 4037 a.
835 3983 914 4055 pp
944 3869 1062 4048 ridul-

130 4068 165 4143 ἡ
177 4072 210 4141 p.
233 4075 304 4127 aaa.
329 4058 382 4120 &n
405 4067 434 4134 p.
458 4067 531 4131 400.
