2400 4478
136 211 214 289 368
488 189 629 287 Faecleliu
656 190 820 272 militans
875 158 880 201 ·.

132 351 293 460 legitima
332 358 391 437 lua
427 358 628 456 potestate,
684 358 923 435 immunitate
963 382 1003 434 ac
1032 360 1051 436 ir

134 470 203 552 luis
232 474 303 558 uti,
333 471 477 571 fruique
511 468 699 569 tranquille
720 466 849 568 pollet.

218 630 410 710 Libertatis
448 632 763 730 immunitatisque
800 631 911 708 huius
937 632 1051 709 ecclei

133 746 313 822 vindicem
328 742 395 819 sele
407 745 586 845 imprimis
601 740 765 819 exhibuit
779 741 813 818 S.
827 742 1000 822 Thomas
1015 771 1051 820 arr

130 853 412 939 cantuarieulls:
447 844 558 955 quem
593 860 693 956 prius
714 878 758 929 ex
779 854 1037 934 archidiacono

132 986 224 1045 tturr.¹
242 986 306 1045 rex
327 964 507 1045 Hentlcue
529 964 574 1047 ll.
607 964 1051 1068 ut'Rog.H0vedema)1

132 1082 195 1159 bet
219 1133 242 1173 ‚,
261 1078 516 1157 cancellarium
535 1078 638 1157 fuum
667 1083 704 1157 in
727 1093 867 1178 tantam
892 1081 1049 1159 dilemur

130 1248 155 1287 „
181 1190 458 1269 familiaritatem
488 1192 644 1291 recepit.
677 1190 781 1293 quod
801 1191 930 1270 nullus
956 1211 1051 1292 parer

133 1362 155 1397 „
183 1328 323 1405 regno,
355 1320 511 1402 excepto
535 1302 613 1380 l‘olo
647 1326 783 1404 tege„.
826 1305 874 1381 At
906 1306 1009 1384 fallus
1028 1331 1051 1379 ar

134 1414 303 1517 pilcopus
336 1440 376 1492 ac
413 1424 516 1513 regui
552 1419 684 1515 primas
721 1408 936 1495 cunstanter
958 1425 1051 1519 courel

77 1550 80 1557 ·
135 1530 204 1615 est,
241 1529 317 1620 „se
342 1529 448 1603 malle
477 1527 649 1616 exulare,
691 1544 872 1627 perpetuo
899 1516 1044 1628 proletili

134 1696 156 1735 ,‚
187 1638 210 1715 fi
238 1639 340 1718 Deus
359 1643 420 1714 'ita
463 1638 656 1739 disposuit,
701 1664 769 1739 pro
803 1641 949 1719 iustitiae
974 1632 1051 1719 delm

133 1809 155 1845 „
184 1755 278 1829 mori
300 1806 323 1845 „
350 1748 389 1839 l)
408 1751 507 1852 quod
539 1770 575 1827 et
607 1768 777 1851 expertus
801 1753 852 1827 eil
887 1753 1043 1835 aficeriis'

132 1879 299 1951 temtus.
337 1886 413 1939 non
446 1864 595 1940 iubente
627 1866 774 1965 quidem
808 1888 920 1962 rege,
970 1869 1051 1943 seda

131 1978 241 2053 dante
267 1974 460 2076 parricidio
483 1988 632 2052 cruenta
653 1977 825 2076 que-tela:
858 1983 1041 2054 neminem

132 2110 197 2190 per
221 2112 329 2188 quem
356 2085 585 2164 alactiliculo
605 2086 824 2164 liberaretur.
887 2087 987 2167 Eluit
1010 2092 1051 2165 lm

134 2202 302 2277 diretiam
325 2202 423 2276 necis
443 2198 654 2275 sententiam
679 2223 742 2276 tex
763 2199 918 2301 publica*
932 2207 1051 2300 poenia

134 2336 236 2414 papae
260 2314 373 2413 aequis
391 2310 473 2388 dein
499 2312 773 2390 conditionibus
800 2310 1051 2391 reconciliatus

133 2426 257 2527 sceptu
278 2427 384 2500 etiarn
407 2437 498 2499 roto
524 2425 707 2511 cruciatae,
739 2427 760 2509 i.
785 2423 1048 2522 eerrpedit'ion

81 2536 85 2541 ’
132 2535 242 2613 litatis
265 2538 451 2619 interram
480 2534 651 2629 lantiam
681 2535 811 2636 quibus
830 2542 1003 2614 cruciatis
1030 2542 1051 2613 h'

132 2649 221 2727 culo
237 2651 277 2737 in
295 2663 370 2726 tuta
391 2646 557 2747 Europa,
590 2650 627 2723 in
642 2647 805 2724 conciliis
822 2650 901 2723 imo
920 2650 1051 2726 fervent

39 2754 43 2767 ’
133 2761 217 2838 licet
235 2764 396 2858 agitatis.
424 2759 661 2838 nihilominus
675 2759 912 2859 Solymaean.
941 2776 1051 2854 ¹¹87·

134 2870 315 2978 plerisque
350 2874 545 2974 provinciis
585 2887 687 2951 antea
724 2873 771 2948 ibi
807 2875 977 2970 gentium
1018 2901 1051 2974 pr

132 2984 280 3088 periere.

172 3202 208 3366 εἰ
228 3198 331 3346 libasti
357 3200 384 3263 P.
407 3197 566 3280 posteriore
582 3197 677 3279 script.
702 3216 755 3263 rer.
768 3262 769 3266 ,
783 3196 863 3272 tngl.
882 3219 911 3279 p.
931 3220 1005 3280 49¹·

262 3328 270 3347 .
294 3302 323 3363 p.
342 3301 410 3362 ⁵¹7·

418 3564 893 3717 Ftults
1048 3632 1051 3636 ·

501 3771 781 3852 Turrrl.

390 4015 891 4051 mnu-uada
