2438 4470
222 237 380 316 regnum
406 210 536 306 christi
551 174 728 293 interris.
750 234 778 291 c.
798 212 986 292 XXXIII.
1026 238 1128 319 -229
1210 334 1214 343 Ι

84 370 165 461 eins
184 377 442 459 successoribus
459 379 627 476 genuine
648 377 813 479 prostant
834 379 881 459 nd
905 402 1038 459 omnes
1064 404 1129 481 pen

88 496 223 573 orbem
251 492 344 569 cath.
372 488 546 571 ecclefiae.

154 688 234 783 ·Est
260 700 322 781 hic
359 700 394 781 S.
410 700 617 800 Bonifatius
646 700 702 781 M.
730 702 793 803 qni
821 662 868 779 ex
895 698 1022 800 dnglia
1045 725 1133 802 pro-

84 816 200 896 fedus
231 813 361 895 Romae
399 815 624 917 aGregorio
661 815 706 894 11.
736 812 774 893 P.
807 814 996 915 episcopus
1031 817 1133 892 inau-

83 944 238 1030 guratus
265 930 303 1003 in
329 926 588 1019 Germaniam,
621 927 780 1031 prestito
802 926 1017 1004 obedentiae
1040 928 1133 1003 inra-

84 1053 240 1125 mento,
270 1037 433 1121 remiffus
449 1042 520 1125 est:
545 1064 630 1119 cum
655 1044 724 1123 iam
745 1039 847 1139 prius
864 1040 1052 1139 presbyter
1070 1038 1132 1116 Sa·

85 1155 242 1231 xoninm
270 1148 406 1237 adiiIIet
429 1176 514 1231 cum
535 1150 672 1241 Evaido
699 1166 736 1229 et
760 1150 875 1231 altero
901 1150 1020 1240 socio,
1052 1153 1133 1253 qni·

88 1266 160 1343 bus
181 1260 367 1343 submetfis
393 1262 526 1349 Rheno
563 1265 599 1343 S.
625 1263 834 1351 Boniiacius
867 1263 1046 1365 evadens.
1092 1276 1133 1343 ut

88 1376 252 1462 rediret,
284 1373 378 1457 haud
398 1379 605 1461 absterritus
623 1377 700 1462 est,
731 1374 886 1475 acceptis
908 1399 928 1451 a
946 1373 1133 1473 Gregorio
1173 1380 1176 1386 ’

83 1489 214 1569 litteris
244 1487 445 1587 Inscriptio:
491 1484 667 1579 Universa
690 1483 819 1587 populo
837 1488 1034 1582 provincia
1055 1484 1101 1563 Al
1115 1533 1132 1552 -

73 1600 271 1703 saxonum.
331 1596 547 1684 ditsaxones
572 1596 694 1701 passim
718 1621 802 1691 ¹cum
833 1596 993 1701 Batonio
1017 1598 1132 1676 didos

86 1726 247 1816 putant,
278 1711 403 1812 quod,
435 1716 497 1813 qui
517 1714 561 1793 ab
579 1710 635 1797 his
658 1713 852 1818 propagati
875 1726 975 1789 erant
999 1714 1036 1787 in
1058 1711 1134 1789 An-

85 1824 202 1924 gliam
234 1827 373 1911 etiam,
431 1824 550 1908 adhoc
583 1824 750 1909 Saxones
783 1840 1009 1905 vocarentur.
1077 1822 1130 1911 Io.
1212 1834 1217 1845 '

87 1934 271 2015 Schiitero
300 1950 422 2015 nutem
443 1936 503 2021 lib.
528 1935 579 2021 ll.¹
605 1933 743 2023 denen.
775 1932 852 2019 ech
887 1959 1004 2033 germ.
1034 1959 1061 2012 c.
1095 1948 1130 2022 8.

58 2046 297 2146 'iimplicitet
320 2046 369 2124 fic
394 2048 475 2133 didi
504 2048 673 2131 videntur
701 2046 863 2141 Saxones
877 2052 981 2125 'trans
1009 2048 1130 2125 Albim
1170 2104 1178 2126 .

83 2162 200 2241 vicini
222 2159 438 2267 ThuringIn
494 2216 518 2254 „
548 2159 664 2245 Vetus
677 2163 775 2245 enim
789 2165 809 2267 (¹
822 2157 897 2259 ait)
913 2160 1069 2239 Saxonio
1087 2162 1132 2237 eb
1178 2240 1183 2252 ‚

84 2271 221 2369 „Albi
255 2273 373 2350 versos
401 2271 708 2377 septentrionem,
752 2273 799 2357 ad
836 2297 1014 2351 oceanum
1044 2297 1132 2374 pro·

85 2443 113 2481 „
143 2383 270 2472 tensa,
304 2384 509 2483 Thuringia
533 2384 626 2467 ⁸¹Jero'
644 2383 769 2491 vnique
794 2384 849 2487 od,
867 2385 1013 2473 Albim,
1050 2409 1131 2485 quae

86 2555 115 2593 ,,
144 2498 265 2597 postea
289 2496 530 2580 eSaxonibos
552 2511 726 2596 occupata
746 2496 935 2579 diIctimen
952 2496 1051 2574 dedit
1070 2497 1132 2573 Sa·

87 2666 115 2706 ,‚
144 2614 266 2685 xoniae
289 2611 401 2691 veteri
422 2624 459 2692 et
475 2630 590 2691 nove.
649 2606 694 2695 Et
718 2608 840 2693 nescio
868 2598 918 2687 on'
936 2632 1011 2687 vox
1037 2606 1132 2685 Hol-

85 2778 114 2817 ,‚
145 2720 303 2799 satorum
330 2735 466 2799 veteres
485 2721 651 2806 Saxones
668 2726 796 2805 innuat
811 2719 851 2813 ,Β
891 2720 1072 2799 Ceterum
1094 2720 1131 2798 S.
1191 2812 1198 2823 ,

87 2831 300 2913 Bonifacius
328 2833 373 2910 ab
389 2856 460 2917 on..
476 2830 695 2921 DCCXVI.
727 2833 839 2935 usque
862 2830 1051 2913 DCCLV.
1081 2832 1134 2909 ln-

87 2948 202 3021 bores
216 2944 434 3042 apostolicos
456 2943 627 3033 indeieiie
645 2949 852 3047 persecutus
873 2946 924 3023 est
960 2970 1024 3046 pet
1046 2942 1133 3023 Has-

87 3054 207 3145 fiam,
237 3054 513 3146 Eichsfeidiom‚
545 3056 813 3159 Thuringiam,
845 3056 1018 3145 Ftifiani,
1047 3057 1134 3135 Gal-

86 3169 201 3254 nam,
233 3168 420 3258 Sueviam,
443 3168 652 3253 Bovarium:
668 3170 829 3257 ecclefins
847 3186 883 3247 et
905 3172 1132 3273 episcopetus
1205 3172 1208 3177 ’

88 3275 375 3368 constituendo,
397 3283 596 3367 dividendo
608 3296 822 3382 opportune
838 3287 908 3361 inm
928 3284 1132 3361 Institutos:
1201 3378 1205 3384 ⁴

89 3395 196 3473 iuxta
223 3392 501 3494 antiquiiiimam
540 3392 706 3482 [incleiiee¹
735 3395 892 3473 formem
922 3397 1024 3473 binas
1070 3418 1134 3495 per

96 3530 236 3585 annum
256 3505 417 3607 synodos
441 3506 661 3585 celebrando
677 3509 747 3585 &o
806 3507 969 3587 Demum
989 3508 1136 3585 futuro-

91 3642 177 3696 rum
205 3620 406 3718 praesagus,
429 3621 631 3697 constituto
663 3618 729 3697 iibi
749 3625 849 3720 prius
878 3626 914 3697 in
938 3621 1017 3697 I'ede
1047 3618 1136 3701 Mo·

92 3731 249 3829 guntina
282 3729 477 3809 successore
514 3731 684 3811 laborum
719 3734 1004 3832 apostolicorum
1035 3728 1149 3807 socio

91 3840 223 3929 Lullo,
240 3841 404 3920 ultimam
420 3842 620 3925 miffionem
632 3845 678 3931 nd
698 3843 827 3923 Frisios
845 3845 1056 3942 suscipione,
1073 3866 1138 3917 oc-

93 3954 190 4035 cisus
213 3955 259 4033 ab
284 3954 354 4035 iilis
374 3960 521 4035 muneri
544 3958 748 4060 apostolico
771 3956 936 4059 glorioso
959 3957 1134 4054 martyrio

970 4090 1080 4144 eoro-
