2400 4478
83 177 108 233 ,1
115 174 169 248 30
455 138 598 240 Ecclesia
624 141 783 225 militam

89 329 123 395 ot
140 313 232 391 looit
252 332 312 387 nos
337 306 521 405 opeccotis
545 298 668 397 moliris
693 314 731 384 io
752 306 927 407 sanguine
941 300 1020 407 sito.
1076 306 1117 391 itt

84 426 174 529 fecit
190 448 250 500 nos
268 444 415 517 regnum
435 476 446 505 .
476 433 509 494 et
525 420 719 497 Sacerdotes
737 421 837 511 Deo,
864 434 897 498 et
917 422 1024 500 Potri
1041 425 1113 525 suo.

90 537 150 620 Est
170 538 242 614 hoc
262 532 494 609 Sacerdotium
516 524 704 630 fontium,
745 534 790 610 de
815 557 890 634 quo
922 528 961 623 o)
985 536 1033 615 D.
1057 539 1115 617 Pe-

88 666 166 729 trus
188 650 225 725 io
249 648 362 746 prima
378 635 473 744 epist.
488 633 623 721 Fideles
642 638 882 745 compellans.
901 660 965 723 vos
985 660 1113 742 ootom,

92 763 233 860 inquit,
267 778 380 852 genus
412 752 574 842 eleiium,
598 755 716 851 regalo
742 756 1009 852 sacerdotium,
1034 786 1112 857 gom

85 870 227 971 sonito,
255 864 398 966 populus
415 865 665 962 acquifitionist
701 877 741 942 ut
763 872 916 944 virtutes
932 876 1112 949 annuntie.

90 986 139 1061 tis
168 981 266 1068 eius,
298 980 359 1075 qui
383 974 423 1054 de
447 975 597 1054 tmeitris
615 998 678 1055 vos
700 982 845 1055 votavit
868 976 907 1056 in
926 980 1100 1062 admirob'

89 1092 122 1172 lo
148 1089 409 1190 inmensum,
450 1093 636 1190 participes
676 1094 848 1195 nimitum
879 1097 1019 1173 virtutis
1045 1101 1111 1177 eiot

90 1208 127 1283 in
155 1228 269 1305 regno
287 1201 397 1289 iilius,
415 1200 459 1278 de
479 1220 553 1303 quo
580 1200 692 1301 Apoc.
712 1200 772 1281 111.
792 1221 845 1280 21.
875 1202 951 1307 Qui
973 1211 1110 1299 vicerit,

91 1312 177 1394 dolio
198 1319 231 1395 ei
241 1314 362 1416 sedero
381 1335 511 1389 mecum
534 1316 573 1387 in
599 1313 727 1390 throno
755 1334 858 1391 meot
884 1315 972 1409 ficut
999 1331 1034 1396 et
1058 1344 1109 1419 ogo

89 1432 185 1517 moi,
216 1439 250 1503 ot
264 1425 341 1526 sedi
360 1445 438 1502 cum
465 1422 574 1502 Potrt
590 1448 664 1502 meo
683 1428 722 1499 in
739 1426 867 1502 throno
890 1431 975 1506 eiust
1032 1428 1108 1511 Haet

91 1540 269 1622 aChristo
296 1538 443 1615 homine
464 1537 660 1637 dicuntur,
691 1551 732 1613 ut
750 1536 900 1616 habetur
927 1537 979 1618 Ιο.
1001 1533 1106 1637 titt.

88 1650 294 1740 potetatem
320 1650 413 1728 dedit
433 1650 467 1725 ti
485 1651 655 1726 iudicium
671 1638 823 1747 facere,
854 1644 1043 1749 quiofilius
1057 1649 1108 1734 ho

88 1766 195 1840 minis
218 1759 270 1850 eil.
328 1759 432 1837 Hanc
451 1783 534 1838 cum
563 1761 731 1860 apostolis
757 1769 1032 1865 conmunicatis
1050 1790 1105 1868 po·

89 1875 274 1959 testatem,
314 1869 411 1946 Doto
432 1869 476 1959 eli
498 1865 609 1962 mitt,
652 1875 792 1972 inquit,
829 1869 868 1962 h)
892 1881 1005 1955 omnis
1022 1891 1106 1975 poto.

78 1983 152 2081 Jios
173 1986 212 2058 in
237 1977 317 2059 colo
339 1991 372 2058 et
392 1982 432 2056 in
456 1993 565 2059 terro.
623 1980 748 2060 Euntes
768 2007 852 2083 ergo
874 1986 988 2065 docete
1004 2004 1104 2067 ommi

82 2106 232 2195 gentos:
270 2093 490 2190 baptizantes
518 2116 572 2170 eos
596 2096 634 2168 in
659 2099 798 2173 nomine
823 2092 947 2176 Pottis
969 2110 1005 2178 et
1034 2096 1104 2179 titt

88 2219 122 2286 et
145 2208 297 2306 Spiritus
312 2203 437 2304 sontii.
495 2201 664 2284 Dotentos
704 2231 760 2284 eos
780 2200 933 2307 fervore
970 2219 1102 2301 omnio.

87 2340 292 2417 quocunque
319 2316 488 2394 mondovi
518 2315 642 2395 vobit:
686 2331 721 2396 et
744 2339 817 2397 ecce
841 2344 902 2418 ego
936 2323 1102 2405 vobiscum

80 2430 160 2532 sum
187 2428 344 2507 omnibus
376 2425 619 2527 otiosusque
650 2431 696 2506 od
721 2431 1047 2529 consummationem
1057 2430 1102 2538 st·

87 2541 167 2625 cuii.
224 2538 311 2621 Haec
334 2540 559 2643 Apocalypfis
587 2536 694 2619 veluti
727 2561 980 2643 argumentum
1008 2550 1099 2636 sunt,

87 2681 163 2758 quo
190 2655 370 2731 animandi
393 2654 543 2731 inerant
576 2653 693 2731 fideles
728 2678 769 2732 ac
799 2680 925 2735 eorum
958 2664 1100 2762 pastottt

73 2772 261 2867 imprimis
281 2823 291 2853 ,
315 2779 438 2843 contro
453 2790 509 2851 ea,
542 2788 620 2866 quae
637 2765 841 2864 perferendo
862 2788 997 2850 emitto
1017 2775 1100 2852 seco·
1138 2854 1144 2883 ,Ι

85 2880 111 2954 li
136 2878 242 2956 huius
266 2877 522 2978 potestatibus,
546 2892 586 2955 ut
601 2877 749 2964 scirent,
777 2879 960 2960 Christum
991 2888 1099 2964 testem
1142 2888 1144 2905 '

84 2989 224 3067 fidelem
255 2989 425 3087 evangelii
452 2990 659 3077 tutiorem,
700 2995 986 3092 primogenitum
1015 3010 1099 3074 mot·

85 3118 235 3180 tuorum
255 3120 299 3178 ex
320 3100 641 3178 resurreiiionesua
665 3126 683 3176 o
706 3110 881 3192 mortuis,
913 3106 1097 3209 principem

85 3236 211 3314 regum
241 3228 367 3300 terrae,
399 3216 548 3313 quinos
572 3216 639 3289 iam
664 3212 833 3312 sanguine
861 3219 925 3296 iuo
953 3220 1097 3300 redemit«

86 3346 164 3401 rat:
191 3334 226 3400 et
238 3314 327 3423 fooit
348 3341 409 3399 nos
434 3342 608 3419 regnum,
639 3336 672 3398 et
680 3323 873 3422 sacerdotes
896 3328 970 3408 Deo
992 3341 1026 3409 et
1041 3328 1095 3407 Pt·

84 3440 137 3511 tri
152 3434 228 3531 som
288 3431 356 3530 Ipfi
370 3425 491 3529 glorio
515 3445 553 3514 ot
578 3439 764 3534 imperium
784 3443 829 3517 itt
851 3441 991 3542 seculo,
1009 3444 1097 3547 ,steti

83 3547 206 3628 lomim.
262 3545 390 3626 Auito.
648 3547 650 3551 ’

995 3840 1053 3935 'lo-
1141 3862 1144 3871 “

117 3982 151 4058 a)
172 3978 194 4046 1.
218 3959 277 4047 Pet.
302 3960 337 4048 ῘῘ.
365 4004 391 4063 ς.
416 3963 456 4065 9(
509 3990 542 4066 b)
563 3978 665 4055 matth.
693 3965 835 4054 XXVIII.
859 3988 909 4064 ’πει
