<?xml version="1.0" encoding="UTF-8"?>
<!DOCTYPE html PUBLIC "-//W3C//DTD XHTML 1.0 Transitional//EN"
    "http://www.w3.org/TR/xhtml1/DTD/xhtml1-transitional.dtd">
<html xmlns="http://www.w3.org/1999/xhtml" xml:lang="en" lang="en">
 <head>
  <title>
</title>
<meta http-equiv="Content-Type" content="text/html;charset=utf-8" />
  <meta name='ocr-system' content='tesseract 3.04.00' />
  <meta name='ocr-capabilities' content='ocr_page ocr_carea ocr_par ocr_line ocrx_word'/>
</head>
<body>
  <div class='ocr_page' id='page_1' title='image "./ecclesiamilitan00gerbgoog_0252.png"; bbox 0 0 2400 4478; ppageno 0'>
   <div class='ocr_carea' id='block_1_1' title="bbox 147 208 896 309">
    <p class='ocr_par' dir='ltr' id='par_1_1' title="bbox 147 208 896 309">
     <span class='ocr_line' id='line_1_1' title="bbox 147 208 896 309; baseline -0.005 -14"><span class='ocrx_word' id='word_1_1' title='bbox 147 219 226 306; x_wconf 71' lang='lat'>238</span> <span class='ocrx_word' id='word_1_2' title='bbox 463 293 467 303; x_wconf 90' lang='grc'>,</span> <span class='ocrx_word' id='word_1_3' title='bbox 519 209 664 309; x_wconf 63' lang='lat' dir='ltr'>aalma</span> <span class='ocrx_word' id='word_1_4' title='bbox 681 208 840 292; x_wconf 81' lang='lat' dir='ltr'>militant</span> <span class='ocrx_word' id='word_1_5' title='bbox 891 230 896 237; x_wconf 84' lang='lat'>·</span> 
     </span>
    </p>
   </div>
   <div class='ocr_carea' id='block_1_2' title="bbox 139 369 1171 694">
    <p class='ocr_par' dir='ltr' id='par_1_2' title="bbox 139 369 1171 694">
     <span class='ocr_line' id='line_1_2' title="bbox 145 369 1171 479; baseline 0 -23"><span class='ocrx_word' id='word_1_6' title='bbox 145 432 168 468; x_wconf 85' lang='lat'>„</span> <span class='ocrx_word' id='word_1_7' title='bbox 190 371 388 456; x_wconf 80' lang='lat' dir='ltr'>tentillimis</span> <span class='ocrx_word' id='word_1_8' title='bbox 400 375 599 479; x_wconf 86' lang='lat' dir='ltr'>quondam.</span> <span class='ocrx_word' id='word_1_9' title='bbox 613 374 849 455; x_wconf 86' lang='lat' dir='ltr'>miserrimum</span> <span class='ocrx_word' id='word_1_10' title='bbox 864 369 1051 476; x_wconf 86' lang='lat' dir='ltr'>elilprius</span> <span class='ocrx_word' id='word_1_11' title='bbox 1068 377 1171 478; x_wconf 85' lang='lat' dir='ltr'>ignu-</span> 
     </span>
     <span class='ocr_line' id='line_1_3' title="bbox 139 487 1168 694; baseline -0.001 -125"><span class='ocrx_word' id='word_1_12' title='bbox 139 488 520 694; x_wconf 50' lang='lat' dir='ltr'>zffillntianservltutis.</span> <span class='ocrx_word' id='word_1_13' title='bbox 550 512 657 591; x_wconf 88' lang='lat' dir='ltr'>quarn</span> <span class='ocrx_word' id='word_1_14' title='bbox 683 487 801 566; x_wconf 87' lang='lat' dir='ltr'>hostili</span> <span class='ocrx_word' id='word_1_15' title='bbox 814 511 1006 566; x_wconf 80' lang='lat' dir='ltr'>mucrone·</span> <span class='ocrx_word' id='word_1_16' title='bbox 1019 488 1168 569; x_wconf 76' lang='lat' dir='ltr'>consoli</span> 
     </span>
    </p>
   </div>
   <div class='ocr_carea' id='block_1_3' title="bbox 142 795 1167 870">
    <p class='ocr_par' dir='ltr' id='par_1_3' title="bbox 142 795 1167 870">
     <span class='ocr_line' id='line_1_4' title="bbox 142 795 1167 870; baseline 0.007 -12"><span class='ocrx_word' id='word_1_17' title='bbox 142 795 1167 870; x_wconf 53' lang='grc' dir='ltr'><strong><em>Μ</em></strong></span> 
     </span>
    </p>
   </div>
   <div class='ocr_carea' id='block_1_4' title="bbox 387 931 1090 1107">
    <p class='ocr_par' dir='ltr' id='par_1_4' title="bbox 387 931 1090 1107">
     <span class='ocr_line' id='line_1_5' title="bbox 387 931 1090 1107; baseline -0.001 -50"><span class='ocrx_word' id='word_1_18' title='bbox 387 971 639 1099; x_wconf 77' lang='lat' dir='ltr'>Curua</span> <span class='ocrx_word' id='word_1_19' title='bbox 696 931 917 1056; x_wconf 76' lang='lat' dir='ltr'>xxviii</span> <span class='ocrx_word' id='word_1_20' title='bbox 1087 1102 1090 1107; x_wconf 12' lang='grc'>1</span> 
     </span>
    </p>
   </div>
   <div class='ocr_carea' id='block_1_5' title="bbox 406 1138 1058 1245">
    <p class='ocr_par' dir='ltr' id='par_1_5' title="bbox 406 1138 1058 1245">
     <span class='ocr_line' id='line_1_6' title="bbox 406 1138 1058 1245; baseline 0 -14"><span class='ocrx_word' id='word_1_21' title='bbox 406 1148 653 1231; x_wconf 81' lang='lat' dir='ltr'>Barbarorum</span> <span class='ocrx_word' id='word_1_22' title='bbox 678 1146 897 1245; x_wconf 73' lang='lat' dir='ltr'>incursiones.</span> <span class='ocrx_word' id='word_1_23' title='bbox 1054 1138 1058 1157; x_wconf 72' lang='lat'><strong><em>‘</em></strong></span> 
     </span>
    </p>
   </div>
   <div class='ocr_carea' id='block_1_6' title="bbox 137 1251 1154 1439">
    <p class='ocr_par' dir='ltr' id='par_1_6' title="bbox 137 1251 1154 1439">
     <span class='ocr_line' id='line_1_7' title="bbox 137 1251 1154 1439; baseline 0.003 -46"><span class='ocrx_word' id='word_1_24' title='bbox 137 1251 452 1439; x_wconf 76' lang='lat' dir='ltr'>observavimus</span> <span class='ocrx_word' id='word_1_25' title='bbox 481 1309 585 1418; x_wconf 82' lang='lat' dir='ltr'>supra</span> <span class='ocrx_word' id='word_1_26' title='bbox 614 1312 676 1394; x_wconf 86' lang='lat' dir='ltr'>suu</span> <span class='ocrx_word' id='word_1_27' title='bbox 703 1310 789 1394; x_wconf 89' lang='lat' dir='ltr'>ioco</span> <span class='ocrx_word' id='word_1_28' title='bbox 816 1312 982 1394; x_wconf 79' lang='lat' dir='ltr'>intestina</span> <span class='ocrx_word' id='word_1_29' title='bbox 1008 1309 1154 1396; x_wconf 87' lang='lat' dir='ltr'>Romani</span> 
     </span>
    </p>
   </div>
   <div class='ocr_carea' id='block_1_7' title="bbox 126 1424 1152 2958">
    <p class='ocr_par' dir='ltr' id='par_1_7' title="bbox 126 1424 1152 2958">
     <span class='ocr_line' id='line_1_8' title="bbox 241 1424 1152 1528; baseline 0.003 -24"><span class='ocrx_word' id='word_1_30' title='bbox 241 1430 380 1528; x_wconf 84' lang='lat' dir='ltr'>imperii</span> <span class='ocrx_word' id='word_1_31' title='bbox 408 1427 519 1515; x_wconf 87' lang='lat' dir='ltr'>mala,</span> <span class='ocrx_word' id='word_1_32' title='bbox 550 1451 634 1506; x_wconf 90' lang='lat' dir='ltr'>cum</span> <span class='ocrx_word' id='word_1_33' title='bbox 656 1425 772 1506; x_wconf 87' lang='lat' dir='ltr'>Roma</span> <span class='ocrx_word' id='word_1_34' title='bbox 792 1424 1009 1506; x_wconf 83' lang='lat' dir='ltr'>debellatrix</span> <span class='ocrx_word' id='word_1_35' title='bbox 1031 1429 1152 1507; x_wconf 76' lang='lat' dir='ltr'>lando·</span> 
     </span>
     <span class='ocr_line' id='line_1_9' title="bbox 136 1533 1152 1639; baseline 0.002 -22"><span class='ocrx_word' id='word_1_36' title='bbox 136 1563 218 1620; x_wconf 92' lang='lat' dir='ltr'>rum</span> <span class='ocrx_word' id='word_1_37' title='bbox 247 1534 340 1617; x_wconf 81' lang='lat' dir='ltr'>esset.</span> <span class='ocrx_word' id='word_1_38' title='bbox 413 1537 675 1619; x_wconf 73' lang='lat' dir='ltr'>invalescebant</span> <span class='ocrx_word' id='word_1_39' title='bbox 708 1540 837 1618; x_wconf 90' lang='lat' dir='ltr'>iterum</span> <span class='ocrx_word' id='word_1_40' title='bbox 870 1553 1049 1639; x_wconf 82' lang='lat' dir='ltr'>vergente</span> <span class='ocrx_word' id='word_1_41' title='bbox 1069 1533 1152 1619; x_wconf 86' lang='lat' dir='ltr'>lecu·</span> 
     </span>
     <span class='ocr_line' id='line_1_10' title="bbox 134 1649 1150 1752; baseline 0.001 -24"><span class='ocrx_word' id='word_1_42' title='bbox 134 1651 174 1728; x_wconf 91' lang='lat' dir='ltr'>lo</span> <span class='ocrx_word' id='word_1_43' title='bbox 195 1649 255 1730; x_wconf 87' lang='lat' dir='ltr'>lli.</span> <span class='ocrx_word' id='word_1_44' title='bbox 302 1651 391 1731; x_wconf 90' lang='lat' dir='ltr'>dum</span> <span class='ocrx_word' id='word_1_45' title='bbox 426 1673 538 1729; x_wconf 82' lang='lat' dir='ltr'>novas</span> <span class='ocrx_word' id='word_1_46' title='bbox 580 1651 689 1730; x_wconf 85' lang='lat' dir='ltr'>veluti</span> <span class='ocrx_word' id='word_1_47' title='bbox 722 1653 813 1728; x_wconf 86' lang='lat' dir='ltr'>vires</span> <span class='ocrx_word' id='word_1_48' title='bbox 843 1650 1032 1752; x_wconf 84' lang='lat' dir='ltr'>&#39;colligunt</span> <span class='ocrx_word' id='word_1_49' title='bbox 1063 1650 1150 1731; x_wconf 81' lang='lat' dir='ltr'>inferi</span> 
     </span>
     <span class='ocr_line' id='line_1_11' title="bbox 134 1759 1150 1866; baseline 0.001 -26"><span class='ocrx_word' id='word_1_50' title='bbox 134 1777 250 1864; x_wconf 82' lang='lat' dir='ltr'>portae</span> <span class='ocrx_word' id='word_1_51' title='bbox 281 1761 645 1850; x_wconf 82' lang='lat' dir='ltr'>contramilitantem</span> <span class='ocrx_word' id='word_1_52' title='bbox 683 1759 901 1840; x_wconf 80' lang='lat' dir='ltr'>Eccleiiam:</span> <span class='ocrx_word' id='word_1_53' title='bbox 945 1780 1060 1866; x_wconf 84' lang='lat' dir='ltr'>atque</span> <span class='ocrx_word' id='word_1_54' title='bbox 1077 1779 1150 1865; x_wconf 81' lang='lat' dir='ltr'>tunc</span> 
     </span>
     <span class='ocr_line' id='line_1_12' title="bbox 134 1870 1150 1975; baseline 0.001 -24"><span class='ocrx_word' id='word_1_55' title='bbox 134 1880 241 1951; x_wconf 87' lang='lat' dir='ltr'>etiam</span> <span class='ocrx_word' id='word_1_56' title='bbox 281 1870 465 1950; x_wconf 83' lang='lat' dir='ltr'>adiverlis</span> <span class='ocrx_word' id='word_1_57' title='bbox 500 1875 602 1951; x_wconf 85' lang='lat' dir='ltr'>urbis</span> <span class='ocrx_word' id='word_1_58' title='bbox 624 1871 740 1973; x_wconf 86' lang='lat' dir='ltr'>plagis</span> <span class='ocrx_word' id='word_1_59' title='bbox 770 1875 925 1952; x_wconf 82' lang='lat' dir='ltr'>barbarae</span> <span class='ocrx_word' id='word_1_60' title='bbox 954 1893 1085 1975; x_wconf 84' lang='lat' dir='ltr'>gentes</span> <span class='ocrx_word' id='word_1_61' title='bbox 1107 1879 1150 1954; x_wconf 88' lang='lat' dir='ltr'>in·</span> 
     </span>
     <span class='ocr_line' id='line_1_13' title="bbox 133 1977 1147 2084; baseline 0.003 -23"><span class='ocrx_word' id='word_1_62' title='bbox 133 1987 318 2084; x_wconf 78' lang='lat' dir='ltr'>&#39;gruebaut</span> <span class='ocrx_word' id='word_1_63' title='bbox 377 1977 678 2084; x_wconf 85' lang='lat' dir='ltr'>Burgundiones.</span> <span class='ocrx_word' id='word_1_64' title='bbox 698 1983 881 2064; x_wconf 84' lang='lat' dir='ltr'>Alemanni</span> <span class='ocrx_word' id='word_1_65' title='bbox 896 1985 1051 2074; x_wconf 85' lang='lat' dir='ltr'>,Gothi</span> <span class='ocrx_word' id='word_1_66' title='bbox 1069 1985 1147 2067; x_wconf 79' lang='lat' dir='ltr'>Rlse·</span> 
     </span>
     <span class='ocr_line' id='line_1_14' title="bbox 133 2093 1147 2202; baseline 0.002 -28"><span class='ocrx_word' id='word_1_67' title='bbox 133 2119 223 2175; x_wconf 93' lang='lat' dir='ltr'>num</span> <span class='ocrx_word' id='word_1_68' title='bbox 246 2110 283 2174; x_wconf 90' lang='lat' dir='ltr'>et</span> <span class='ocrx_word' id='word_1_69' title='bbox 298 2093 510 2174; x_wconf 81' lang='lat' dir='ltr'>Danubium</span> <span class='ocrx_word' id='word_1_70' title='bbox 539 2095 777 2189; x_wconf 76' lang='lat' dir='ltr'>infestabant.</span> <span class='ocrx_word' id='word_1_71' title='bbox 808 2093 1005 2177; x_wconf 81' lang='lat' dir='ltr'>Orientem</span> <span class='ocrx_word' id='word_1_72' title='bbox 1022 2099 1147 2202; x_wconf 75' lang='lat' dir='ltr'>Scytha</span> 
     </span>
     <span class='ocr_line' id='line_1_15' title="bbox 133 2203 1147 2314; baseline 0.003 -28"><span class='ocrx_word' id='word_1_73' title='bbox 133 2224 169 2286; x_wconf 90' lang='lat' dir='ltr'>et</span> <span class='ocrx_word' id='word_1_74' title='bbox 187 2207 295 2288; x_wconf 81' lang='lat' dir='ltr'>Ptrlae</span> <span class='ocrx_word' id='word_1_75' title='bbox 328 2203 555 2295; x_wconf 82' lang='lat' dir='ltr'>invaserunt,</span> <span class='ocrx_word' id='word_1_76' title='bbox 585 2221 692 2308; x_wconf 87' lang='lat' dir='ltr'>captu</span> <span class='ocrx_word' id='word_1_77' title='bbox 719 2210 824 2286; x_wconf 89' lang='lat' dir='ltr'>etiam</span> <span class='ocrx_word' id='word_1_78' title='bbox 847 2205 1067 2299; x_wconf 85' lang='lat' dir='ltr'>Valeriano.</span> <span class='ocrx_word' id='word_1_79' title='bbox 1099 2209 1147 2314; x_wconf 87' lang='lat' dir='ltr'>qul</span> 
     </span>
     <span class='ocr_line' id='line_1_16' title="bbox 131 2316 1147 2426; baseline 0.005 -30"><span class='ocrx_word' id='word_1_80' title='bbox 131 2321 200 2396; x_wconf 83' lang='lat' dir='ltr'>fuit</span> <span class='ocrx_word' id='word_1_81' title='bbox 221 2316 477 2398; x_wconf 77' lang='lat' dir='ltr'>crudelillnrus</span> <span class='ocrx_word' id='word_1_82' title='bbox 491 2316 762 2398; x_wconf 86' lang='lat' dir='ltr'>christianorum</span> <span class='ocrx_word' id='word_1_83' title='bbox 782 2319 1012 2421; x_wconf 86' lang='lat' dir='ltr'>persecutor,</span> <span class='ocrx_word' id='word_1_84' title='bbox 1045 2327 1147 2426; x_wconf 83' lang='lat' dir='ltr'>periu-</span> 
     </span>
     <span class='ocr_line' id='line_1_17' title="bbox 131 2429 1144 2537; baseline 0 -27"><span class='ocrx_word' id='word_1_85' title='bbox 131 2430 176 2510; x_wconf 90' lang='lat' dir='ltr'>de</span> <span class='ocrx_word' id='word_1_86' title='bbox 193 2453 235 2509; x_wconf 85' lang='lat' dir='ltr'>ac</span> <span class='ocrx_word' id='word_1_87' title='bbox 256 2429 348 2520; x_wconf 89' lang='lat' dir='ltr'>filius</span> <span class='ocrx_word' id='word_1_88' title='bbox 362 2434 438 2535; x_wconf 86' lang='lat' dir='ltr'>eius</span> <span class='ocrx_word' id='word_1_89' title='bbox 452 2429 660 2519; x_wconf 82' lang='lat' dir='ltr'>Gallienus,</span> <span class='ocrx_word' id='word_1_90' title='bbox 678 2431 765 2510; x_wconf 89' lang='lat' dir='ltr'>dum</span> <span class='ocrx_word' id='word_1_91' title='bbox 794 2435 976 2533; x_wconf 85' lang='lat' dir='ltr'>attiginta</span> <span class='ocrx_word' id='word_1_92' title='bbox 997 2439 1144 2537; x_wconf 84' lang='lat' dir='ltr'>tyrannis</span> 
     </span>
     <span class='ocr_line' id='line_1_18' title="bbox 135 2545 1144 2650; baseline 0.002 -28"><span class='ocrx_word' id='word_1_93' title='bbox 135 2545 326 2644; x_wconf 89' lang='lat' dir='ltr'>imperium</span> <span class='ocrx_word' id='word_1_94' title='bbox 347 2557 570 2643; x_wconf 84' lang='lat' dir='ltr'>occupatur3</span> <span class='ocrx_word' id='word_1_95' title='bbox 601 2567 646 2619; x_wconf 83' lang='lat' dir='ltr'>ex</span> <span class='ocrx_word' id='word_1_96' title='bbox 666 2547 805 2650; x_wconf 67' lang='lat' dir='ltr'>quibus,</span> <span class='ocrx_word' id='word_1_97' title='bbox 824 2546 1032 2646; x_wconf 65' lang='lat' dir='ltr'>praecipuus</span> <span class='ocrx_word' id='word_1_98' title='bbox 1058 2547 1144 2628; x_wconf 84' lang='lat' dir='ltr'>Ode·</span> 
     </span>
     <span class='ocr_line' id='line_1_19' title="bbox 128 2651 1144 2762; baseline 0.001 -28"><span class='ocrx_word' id='word_1_99' title='bbox 128 2656 233 2734; x_wconf 88' lang='lat' dir='ltr'>natus</span> <span class='ocrx_word' id='word_1_100' title='bbox 266 2654 437 2758; x_wconf 80' lang='lat' dir='ltr'>Palmyrae</span> <span class='ocrx_word' id='word_1_101' title='bbox 455 2677 536 2762; x_wconf 51' lang='lat' dir='ltr'>,rex</span> <span class='ocrx_word' id='word_1_102' title='bbox 560 2651 752 2734; x_wconf 87' lang='lat' dir='ltr'>Orientem</span> <span class='ocrx_word' id='word_1_103' title='bbox 788 2655 1010 2735; x_wconf 88' lang='lat' dir='ltr'>vindicatum</span> <span class='ocrx_word' id='word_1_104' title='bbox 1050 2683 1144 2739; x_wconf 88' lang='lat' dir='ltr'>occu·</span> 
     </span>
     <span class='ocr_line' id='line_1_20' title="bbox 128 2765 1144 2870; baseline 0.004 -24"><span class='ocrx_word' id='word_1_105' title='bbox 128 2784 206 2870; x_wconf 87' lang='lat' dir='ltr'>pat,</span> <span class='ocrx_word' id='word_1_106' title='bbox 237 2767 324 2847; x_wconf 75' lang='lat' dir='ltr'>viiia</span> <span class='ocrx_word' id='word_1_107' title='bbox 345 2765 490 2844; x_wconf 85' lang='lat' dir='ltr'>tandem</span> <span class='ocrx_word' id='word_1_108' title='bbox 509 2790 529 2847; x_wconf 88' lang='lat' dir='ltr'>a</span> <span class='ocrx_word' id='word_1_109' title='bbox 546 2765 715 2845; x_wconf 90' lang='lat' dir='ltr'>Domitio</span> <span class='ocrx_word' id='word_1_110' title='bbox 740 2766 931 2848; x_wconf 84' lang='lat' dir='ltr'>Aurelianu</span> <span class='ocrx_word' id='word_1_111' title='bbox 954 2773 1033 2851; x_wconf 87' lang='lat' dir='ltr'>eius</span> <span class='ocrx_word' id='word_1_112' title='bbox 1061 2795 1144 2852; x_wconf 85' lang='lat' dir='ltr'>uxu-</span> 
     </span>
     <span class='ocr_line' id='line_1_21' title="bbox 126 2873 367 2958; baseline -0.004 -2"><span class='ocrx_word' id='word_1_113' title='bbox 126 2901 165 2958; x_wconf 89' lang='lat' dir='ltr'>re</span> <span class='ocrx_word' id='word_1_114' title='bbox 192 2873 367 2958; x_wconf 86' lang='lat' dir='ltr'>Zenobia.</span> 
     </span>
    </p>
   </div>
   <div class='ocr_carea' id='block_1_8' title="bbox 117 3034 1192 4133">
    <p class='ocr_par' dir='ltr' id='par_1_8' title="bbox 117 3034 1192 4131">
     <span class='ocr_line' id='line_1_22' title="bbox 183 3034 1142 3146; baseline 0 -26"><span class='ocrx_word' id='word_1_115' title='bbox 183 3039 321 3120; x_wconf 81' lang='lat' dir='ltr'>Accidit</span> <span class='ocrx_word' id='word_1_116' title='bbox 341 3038 405 3127; x_wconf 86' lang='lat' dir='ltr'>id,</span> <span class='ocrx_word' id='word_1_117' title='bbox 437 3037 523 3119; x_wconf 92' lang='lat' dir='ltr'>dum</span> <span class='ocrx_word' id='word_1_118' title='bbox 546 3040 614 3118; x_wconf 87' lang='lat' dir='ltr'>iam</span> <span class='ocrx_word' id='word_1_119' title='bbox 636 3061 721 3119; x_wconf 88' lang='lat' dir='ltr'>cum</span> <span class='ocrx_word' id='word_1_120' title='bbox 745 3034 821 3117; x_wconf 88' lang='lat' dir='ltr'>aliis</span> <span class='ocrx_word' id='word_1_121' title='bbox 838 3034 1046 3120; x_wconf 79' lang='lat' dir='ltr'>Germaniae</span> <span class='ocrx_word' id='word_1_122' title='bbox 1064 3065 1142 3146; x_wconf 85' lang='lat' dir='ltr'>gen·</span> 
     </span>
     <span class='ocr_line' id='line_1_23' title="bbox 123 3145 1142 3256; baseline -0.002 -23"><span class='ocrx_word' id='word_1_123' title='bbox 123 3151 220 3234; x_wconf 85' lang='lat' dir='ltr'>tibus</span> <span class='ocrx_word' id='word_1_124' title='bbox 244 3145 370 3231; x_wconf 85' lang='lat' dir='ltr'>Franci</span> <span class='ocrx_word' id='word_1_125' title='bbox 385 3151 587 3252; x_wconf 85' lang='lat' dir='ltr'>prodeunt.</span> <span class='ocrx_word' id='word_1_126' title='bbox 618 3151 746 3231; x_wconf 87' lang='lat' dir='ltr'>Gallias</span> <span class='ocrx_word' id='word_1_127' title='bbox 769 3151 978 3231; x_wconf 75' lang='lat' dir='ltr'>invadentes</span> <span class='ocrx_word' id='word_1_128' title='bbox 1002 3176 1142 3256; x_wconf 83' lang='lat' dir='ltr'>sergen-</span> 
     </span>
     <span class='ocr_line' id='line_1_24' title="bbox 122 3259 1140 3364; baseline -0.004 -17"><span class='ocrx_word' id='word_1_129' title='bbox 122 3265 246 3347; x_wconf 84' lang='lat' dir='ltr'>resec</span> <span class='ocrx_word' id='word_1_130' title='bbox 276 3259 334 3341; x_wconf 91' lang='lat' dir='ltr'>lil</span> <span class='ocrx_word' id='word_1_131' title='bbox 359 3261 563 3364; x_wconf 74' lang='lat' dir='ltr'>Deinceps</span> <span class='ocrx_word' id='word_1_132' title='bbox 600 3267 693 3343; x_wconf 84' lang='lat' dir='ltr'>uaria</span> <span class='ocrx_word' id='word_1_133' title='bbox 736 3264 829 3341; x_wconf 82' lang='lat' dir='ltr'>sorte</span> <span class='ocrx_word' id='word_1_134' title='bbox 862 3283 948 3342; x_wconf 85' lang='lat' dir='ltr'>curn</span> <span class='ocrx_word' id='word_1_135' title='bbox 992 3265 1140 3347; x_wconf 81' lang='lat' dir='ltr'>barbaris</span> 
     </span>
     <span class='ocr_line' id='line_1_25' title="bbox 121 3370 1140 3476; baseline -0.001 -19"><span class='ocrx_word' id='word_1_136' title='bbox 121 3376 328 3458; x_wconf 77' lang='lat' dir='ltr'>nationibus</span> <span class='ocrx_word' id='word_1_137' title='bbox 349 3372 557 3453; x_wconf 72' lang='lat' dir='ltr'>confliilum</span> <span class='ocrx_word' id='word_1_138' title='bbox 582 3377 653 3464; x_wconf 82' lang='lat' dir='ltr'>cll,</span> <span class='ocrx_word' id='word_1_139' title='bbox 682 3399 723 3454; x_wconf 89' lang='lat' dir='ltr'>ac</span> <span class='ocrx_word' id='word_1_140' title='bbox 738 3376 886 3476; x_wconf 88' lang='lat' dir='ltr'>ancipiti</span> <span class='ocrx_word' id='word_1_141' title='bbox 906 3370 972 3454; x_wconf 88' lang='lat' dir='ltr'>sub</span> <span class='ocrx_word' id='word_1_142' title='bbox 992 3378 1140 3458; x_wconf 83' lang='lat' dir='ltr'>christia·</span> 
     </span>
     <span class='ocr_line' id='line_1_26' title="bbox 122 3486 1141 3596; baseline 0.004 -30"><span class='ocrx_word' id='word_1_143' title='bbox 122 3493 176 3570; x_wconf 86' lang='lat' dir='ltr'>nis</span> <span class='ocrx_word' id='word_1_144' title='bbox 204 3488 309 3566; x_wconf 83' lang='lat' dir='ltr'>etiam</span> <span class='ocrx_word' id='word_1_145' title='bbox 327 3486 632 3587; x_wconf 86' lang='lat' dir='ltr'>imperatoribus.</span> <span class='ocrx_word' id='word_1_146' title='bbox 663 3493 747 3588; x_wconf 87' lang='lat' dir='ltr'>qul.</span> <span class='ocrx_word' id='word_1_147' title='bbox 774 3503 815 3565; x_wconf 92' lang='lat' dir='ltr'>ut</span> <span class='ocrx_word' id='word_1_148' title='bbox 832 3486 1010 3582; x_wconf 84' lang='lat' dir='ltr'>vidimus,</span> <span class='ocrx_word' id='word_1_149' title='bbox 1044 3489 1141 3596; x_wconf 82' lang='lat' dir='ltr'>pleri·</span> 
     </span>
     <span class='ocr_line' id='line_1_27' title="bbox 120 3598 1140 3706; baseline -0.001 -24"><span class='ocrx_word' id='word_1_150' title='bbox 120 3625 193 3706; x_wconf 84' lang='lat' dir='ltr'>qus</span> <span class='ocrx_word' id='word_1_151' title='bbox 222 3612 323 3677; x_wconf 87' lang='lat' dir='ltr'>erant</span> <span class='ocrx_word' id='word_1_152' title='bbox 350 3598 485 3677; x_wconf 84' lang='lat' dir='ltr'>Arianae</span> <span class='ocrx_word' id='word_1_153' title='bbox 516 3616 552 3676; x_wconf 90' lang='lat' dir='ltr'>et</span> <span class='ocrx_word' id='word_1_154' title='bbox 584 3598 751 3700; x_wconf 87' lang='lat' dir='ltr'>deinceps</span> <span class='ocrx_word' id='word_1_155' title='bbox 791 3598 938 3676; x_wconf 85' lang='lat' dir='ltr'>aliarum</span> <span class='ocrx_word' id='word_1_156' title='bbox 971 3599 1140 3683; x_wconf 67' lang='lat' dir='ltr'>heresum</span> 
     </span>
     <span class='ocr_line' id='line_1_28' title="bbox 118 3706 1140 3812; baseline -0.003 -14"><span class='ocrx_word' id='word_1_157' title='bbox 118 3736 245 3798; x_wconf 89' lang='lat' dir='ltr'>contra</span> <span class='ocrx_word' id='word_1_158' title='bbox 264 3710 427 3812; x_wconf 88' lang='lat' dir='ltr'>mysteria</span> <span class='ocrx_word' id='word_1_159' title='bbox 443 3710 503 3788; x_wconf 84' lang='lat' dir='ltr'>SS.</span> <span class='ocrx_word' id='word_1_160' title='bbox 521 3708 708 3789; x_wconf 86' lang='lat' dir='ltr'>Trinitatis</span> <span class='ocrx_word' id='word_1_161' title='bbox 727 3727 788 3790; x_wconf 93' lang='lat' dir='ltr'>aut</span> <span class='ocrx_word' id='word_1_162' title='bbox 802 3706 1066 3794; x_wconf 85' lang='lat' dir='ltr'>incarnationis</span> <span class='ocrx_word' id='word_1_163' title='bbox 1086 3715 1140 3794; x_wconf 83' lang='lat' dir='ltr'>dr·</span> 
     </span>
     <span class='ocr_line' id='line_1_29' title="bbox 117 3820 1192 3911; baseline -0.002 -3"><span class='ocrx_word' id='word_1_164' title='bbox 117 3827 275 3908; x_wconf 88' lang='lat' dir='ltr'>iensures</span> <span class='ocrx_word' id='word_1_165' title='bbox 290 3847 332 3902; x_wconf 91' lang='lat' dir='ltr'>ac</span> <span class='ocrx_word' id='word_1_166' title='bbox 351 3820 649 3901; x_wconf 83' lang='lat' dir='ltr'>orthodoxorum</span> <span class='ocrx_word' id='word_1_167' title='bbox 668 3823 798 3901; x_wconf 84' lang='lat' dir='ltr'>hostes.</span> <span class='ocrx_word' id='word_1_168' title='bbox 857 3821 939 3911; x_wconf 82' lang='lat' dir='ltr'>Sic,</span> <span class='ocrx_word' id='word_1_169' title='bbox 967 3824 1059 3904; x_wconf 89' lang='lat' dir='ltr'>dum</span> <span class='ocrx_word' id='word_1_170' title='bbox 1079 3850 1140 3906; x_wconf 89' lang='lat' dir='ltr'>nu·</span> <span class='ocrx_word' id='word_1_171' title='bbox 1191 3856 1192 3863; x_wconf 44' lang='lat'>¹</span> 
     </span>
     <span class='ocr_line' id='line_1_30' title="bbox 119 3934 1139 4131; baseline -0.001 -114"><span class='ocrx_word' id='word_1_172' title='bbox 119 3963 160 4023; x_wconf 82' lang='lat' dir='ltr'>sa</span> <span class='ocrx_word' id='word_1_173' title='bbox 192 3937 382 4037; x_wconf 72' lang='lat' dir='ltr'>insurgunt</span> <span class='ocrx_word' id='word_1_174' title='bbox 406 3949 534 4014; x_wconf 83' lang='lat' dir='ltr'>contra</span> <span class='ocrx_word' id='word_1_175' title='bbox 567 3935 781 4015; x_wconf 85' lang='lat' dir='ltr'>militantem</span> <span class='ocrx_word' id='word_1_176' title='bbox 803 3934 841 4010; x_wconf 88' lang='lat' dir='ltr'>in</span> <span class='ocrx_word' id='word_1_177' title='bbox 874 3936 995 4131; x_wconf 70' lang='lat' dir='ltr'>terrisIi</span> <span class='ocrx_word' id='word_1_178' title='bbox 1011 3934 1139 4027; x_wconf 87' lang='lat' dir='ltr'>Chriiii</span> 
     </span>
    </p>

    <p class='ocr_par' dir='ltr' id='par_1_9' title="bbox 932 4051 1092 4133">
     <span class='ocr_line' id='line_1_31' title="bbox 932 4051 1092 4133; baseline 0.019 -3"><span class='ocrx_word' id='word_1_179' title='bbox 932 4101 935 4106; x_wconf 93' lang='lat'><em>-</em></span> <span class='ocrx_word' id='word_1_180' title='bbox 995 4051 1092 4133; x_wconf 51' lang='lat' dir='ltr'>cels,</span> 
     </span>
    </p>
   </div>
   <div class='ocr_carea' id='block_1_9' title="bbox 0 0 1204 4478">
    <p class='ocr_par' dir='ltr' id='par_1_10' title="bbox 0 0 1204 4478">
     <span class='ocr_line' id='line_1_32' title="bbox 0 0 1204 4478; baseline 0 7"><span class='ocrx_word' id='word_1_181' title='bbox 0 0 1204 4478; x_wconf 95' lang='lat' dir='ltr'> </span> 
     </span>
    </p>
   </div>
  </div>
 </body>
</html>
