2400 4478
202 256 368 349 eegnum.
383 224 510 341 otram
529 254 569 329 n
586 253 696 332 terris
710 275 738 333 c.
759 201 983 336 xxxrrrr
1042 262 1157 356 ³431

57 416 355 515 *providentiam
377 417 548 491 reveritus
570 415 757 513 agnoscat,
787 430 822 494 et
839 416 986 505 adoret,
1014 421 1118 519 quod

75 526 195 627 super
215 527 467 604 candelabrum
488 524 648 604 Ecclesrae
667 531 703 602 in
729 526 808 605 sede
826 527 1020 629 apostolica
1043 531 1122 606 col.

74 620 487 739 locaverrtpontisicem
510 641 735 727 maximum,
768 637 852 715 zelo
882 641 1015 718 domus
1049 640 1120 722 suae

83 750 295 854 succensum
325 765 361 827 et
390 749 597 836 ardentem,
644 749 781 851 saleque
807 751 1008 850 apostolico
1036 776 1120 832 cor·

87 880 192 963 rupta
211 867 278 939 iam
298 881 334 939 et
353 862 517 957 foetentia
535 861 785 962 perfricantem
807 863 991 942 membra?
1021 864 1119 962 Quis

86 998 164 1052 non
183 977 309 1051 divinae
326 972 564 1077 promisionis
582 971 629 1052 D
643 973 736 1051 Petri
752 974 999 1075 apostolorum
1018 983 1117 1078 prin·
1149 1030 1152 1035 -

85 1090 159 1188 cipi
194 1086 289 1162 sadiae
324 1082 634 1163 manifestissimum
670 1087 804 1174 videat,
853 1101 890 1164 et
920 1088 1115 1169 admiretur

84 1211 361 1300 argumentum,
394 1195 670 1275 dumChristus
694 1197 901 1297 supereum
925 1195 1115 1280 Ecclesiam
1155 1228 1158 1234 ·

85 1311 272 1418 promittit
299 1307 392 1385 suam
421 1297 501 1385 sese
513 1307 789 1395 aedisicaturum,
821 1310 984 1388 adversus
1007 1336 1117 1431 quarn

82 1436 203 1523 portae
228 1410 331 1496 inferi
354 1442 428 1495 non
459 1415 568 1496 essent
600 1412 850 1519 pravaliturae?
892 1421 999 1500 Unde
1029 1439 1119 1522 tunt

81 1533 261 1609 auxilium
283 1530 410 1631 sperari
436 1546 577 1629 poterat
598 1530 758 1610 Ecclenae
780 1557 822 1610 ac
850 1528 1088 1613 remedium
1077 1561 1116 1617 m

81 1647 192 1722 tantis
219 1643 337 1728 maiis,
369 1644 431 1720 ubi
457 1643 588 1720 malum
615 1644 730 1743 apud
727 1667 798 1724 eos
823 1657 920 1733 erat,
951 1650 1013 1752 qui
1042 1671 1118 1734 me·

79 1758 160 1834 deri
184 1752 397 1840 debuissent,
423 1777 468 1830 ex
490 1755 617 1831 ordine
636 1754 884 1844 ecclesiastico,
915 1757 986 1835 nin
991 1761 1117 1861 acapi·

81 1881 122 1946 te
138 1871 424 1943 incontaminato
439 1869 587 1966 perinde
598 1891 638 1944 ac
652 1868 917 1967 imperterrito?
934 1870 1045 1972 idque
1061 1887 1116 1950 et·

81 1981 153 2057 iam
178 1981 227 2055 ob
256 1978 413 2078 undique
439 1976 648 2078 grassantem
670 1983 950 2079 contagionem,
980 1983 1115 2087 labem·

80 2115 156 2193 que
177 2092 446 2167 incontinentiae
461 2093 497 2166 in
514 2090 631 2178 clero,
630 2115 790 2192 quam,
814 2108 913 2171 erant
933 2117 977 2171 ex
998 2094 1119 2196 impu·

81 2201 250 2280 dentibus
270 2200 357 2289 iliis,
388 2205 449 2303 qui
470 2201 653 2300 Gregorio
676 2203 733 2280 vel
753 2206 803 2282 ob
826 2205 975 2283 santiam
993 2206 1111 2296 iilam,

76 2332 122 2391 et
150 2315 195 2392 ab
218 2317 320 2390 omni
346 2315 402 2390 vel
422 2312 587 2393 levissima
616 2314 814 2420 suspicione
835 2332 1010 2396 remotam
1028 2340 1114 2398 cunt

81 2425 481 2514 Mathiideamicitiam,
501 2418 685 2527 aspergere
704 2427 785 2505 sunt
802 2432 942 2506 conati.
972 2432 1050 2508 tratt
1063 2455 1117 2507 nr

80 2542 237 2624 mirurn,
270 2537 371 2637 quod
390 2537 587 2638 apostolico
612 2539 794 2637 restituere
812 2541 990 2618 nitebatur
1010 2544 1116 2641 vigo·

80 2675 120 2727 re
140 2652 425 2734 continentiam,
456 2672 563 2750 quam
584 2649 748 2748 semper
738 2673 775 2728 m
786 2651 920 2728 ordine
940 2651 1068 2729 sacro
1058 2676 1115 2732 tn.
1171 2656 1173 2660 “

80 2777 221 2860 tegram
253 2759 371 2838 haberi
399 2760 517 2838 voluit
546 2757 715 2848 Ecclesia,
754 2761 836 2837 dum
872 2760 992 2838 clerici
1030 2765 1118 2843 teste

80 2872 250 2975 Rogerio
295 2872 339 2949 de
386 2870 563 2950 Hoveden
605 2874 641 2948 in
680 2873 795 2950 annal.
831 2870 1022 2951 Wiiheim.
1053 2874 1117 2951 Se·

83 2987 178 3063 nior
197 3009 231 3086 p
243 3004 293 3078 4
300 3008 335 3075 7
347 3007 463 3080 magis
474 2981 666 3082 eligebant
687 2983 905 3061 anathemati
912 2982 1113 3083 subiacere,

80 3119 190 3195 quum
207 3092 516 3172 uxoribuscorere.
551 3095 704 3190 Quam
693 3087 891 3174 incontami
919 3111 983 3174 atae
999 3098 1112 3196 igitur

82 3226 121 3287 et
141 3208 282 3284 illibate
301 3209 398 3293 vitae,
427 3231 468 3286 ac
482 3211 710 3308 imperterriti
726 3211 835 3285 animi
828 3122 922 3285 essve
945 3212 1112 3310 oportuit

81 3345 196 3408 eum,
226 3322 285 3400 cui
306 3322 428 3396 omnia
455 3319 544 3395 illa
534 3343 572 3395 m
597 3317 724 3397 ordine
746 3318 977 3411 ecclesrastico
999 3321 1115 3399 obsta·

84 3431 169 3507 cuia
200 3448 300 3510 erant
320 3431 538 3535 superanda,
583 3445 658 3507 tum
691 3435 890 3532 prurientis·
913 3432 1046 3512 naturae
1068 3430 1112 3511 ad

84 3538 388 3632 conservandam,
438 3544 544 3620 statua
584 3541 802 3621 ecclesiastici
821 3545 988 3624 sanstitati
1019 3568 1113 3620 con·

83 3675 215 3752 gruem
228 3660 387 3755 corporis
405 3657 611 3742 castitatem,
627 3679 709 3733 cum
721 3656 869 3734 faventis
884 3656 1114 3734 blandientis·
1150 3733 1152 3737 ,

83 3787 159 3866 que
183 3763 337 3844 fortunae
359 3771 395 3844 in
419 3768 741 3864 nundinationibus
768 3767 1003 3852 facultatum,
1027 3763 1113 3843 Deo

86 3881 125 3953 in
154 3873 306 3953 Ecclesia
324 3900 394 3954 coo
398 3878 627 3966 s,ecratarum
658 3896 694 3957 et
723 3881 940 3979 dignitatum
971 3876 1111 3954 eccles·

83 3989 304 4080 asticarum,
345 4010 433 4090 quas
459 3990 520 4091 ipfi
548 3991 677 4069 summi
703 3993 881 4093 principes
911 3990 1114 4068 nundinarii

526 4100 615 4205 Y4
958 4101 1063 4180 sacie-
