2400 4478
140 231 223 310 244
495 197 635 301 Ecclesia
664 207 823 290 militans

139 376 227 453 telle
246 371 436 450 Ammiano
455 370 694 448 Valentiniani
711 374 818 449 frater
832 371 968 451 Valens
993 377 1085 479 imp.
1104 381 1167 479 (de

141 510 218 588 quo
243 485 389 561 fimiiem
419 482 599 583 perfidiam
627 489 663 558 in
692 485 838 561 Gothos
864 489 975 580 paulo
1003 513 1092 566 ante
1112 520 1167 572 au·

140 593 329 681 divimus)
367 621 443 671 non
464 597 569 671 semel
590 594 723 671 insidias
754 598 877 672 struxit
910 597 1018 676 Paerae
1048 607 1165 683 Arme-

139 712 206 786 niae
230 711 328 804 regi,
368 711 469 783 cuius
494 707 660 783 foederati
676 707 813 783 auxilio
836 710 871 783 in
899 710 998 787 bello
1029 713 1164 796 Persico

138 821 280 897 adiutus
302 817 425 894 fuerat.
486 817 579 910 Qtae
607 819 699 894 idem
736 821 943 895 Ammianus
969 839 1008 898 et
1047 825 1162 905 lorda.

139 955 234 1015 nus,
259 928 372 1027 vulgo
391 929 605 1012 lornandes,
624 929 813 1028 perhibent
833 930 1055 1012 Gothorum
1075 943 1159 1038 gella

138 1066 224 1119 curn
254 1041 434 1139 utriusque
466 1043 608 1138 imperii
645 1040 826 1117 orientalis
858 1060 895 1118 et
926 1048 1156 1129 occidentalis

137 1151 208 1230 live
227 1155 445 1252 principibus
472 1150 635 1238 sivein,
667 1176 826 1252 quorum
848 1155 1003 1235 arbitrio
1039 1168 1157 1259 princi.

138 1288 200 1367 pes
225 1265 283 1340 >illi
310 1267 562 1365 tegebantur.
623 1265 743 1342 eadem
777 1264 938 1366 perfidiae
973 1273 1154 1371 specimina

137 1379 305 1480 prebent

223 1584 293 1670 Sed
312 1585 476 1668 omniurn
496 1580 704 1668 atrocillinra
736 1584 814 1668 sunt
845 1586 931 1676 illa,
993 1593 1092 1696 quud
1117 1592 1150 1673 hi

135 1702 201 1804 ipit
239 1705 472 1779 barbarorum
512 1703 687 1780 horumce
730 1724 837 1801 opera
870 1704 914 1779 ad
954 1711 1147 1808 principum

134 1817 281 1894 suorum
315 1815 557 1913 proditionem
591 1832 626 1890 et
659 1817 795 1913 imperii
834 1817 1082 1915 perditionem
1109 1814 1148 1898 ult
1190 1859 1192 1872 ·

136 1913 238 2003 litut(
287 1923 595 2001 Accidernnthaec
612 1923 767 2001 Honorii
794 1941 830 2003 et
850 1930 992 2006 Arcadii
1023 1948 1148 2031 tempo·

136 2060 176 2115 re
206 2035 470 2112 imbecillorum
497 2039 732 2136 principum,
774 2058 932 2138 quorum
967 2041 1030 2120 iiie
1070 2044 1149 2122 stili.

135 2151 263 2232 conis,
296 2147 353 2222 hic
377 2141 530 2232 Ruffini,
568 2147 719 2247 ²hocque
742 2151 785 2224 ab
817 2152 980 2229 exercitu
1006 2157 1149 2233 trucida.

135 2275 203 2347 to,
233 2260 396 2356 Eutropii
427 2256 581 2334 ennuclri
606 2259 753 2335 consilio
774 2248 976 2358 regebatur.
1051 2263 1148 2346 Ruffi.

135 2394 202 2448 nus
229 2374 264 2445 in
288 2373 466 2446 orientem
494 2369 673 2456 Hunnos,
716 2375 754 2447 in
785 2368 978 2452 Thraciam
1013 2376 1147 2458 Gothos
1190 2380 1192 2391 '

132 2482 331 2560 accersivit:
363 2495 474 2581 utque
492 2480 670 2557 Alaricum
688 2484 730 2558 ad
748 2484 1045 2584 depopulandam
1064 2489 1148 2570 Gra·

133 2599 223 2673 ciam
251 2599 342 2673 circa
372 2592 478 2670 linem
504 2593 566 2670 sec.
588 2593 650 2670 lV.
699 2593 745 2670 sic
766 2596 890 2672 Stilico
911 2601 1074 2679 eundem
1095 2628 1148 2704 po·

133 2708 200 2785 stea
224 2707 392 2807 impulit,
433 2721 472 2782 ut
496 2705 648 2782 Arcadio
674 2706 808 2782 bellurn
840 2711 1052 2808 indiceret3
1081 2716 1148 2792 Ala·

131 2823 224 2896 ricus
257 2832 489 2896 verooontra
523 2816 727 2894 Honoriunr
756 2823 946 2896 revertitur
979 2849 1069 2909 eum
1088 2841 1147 2904 tre.

130 2935 242 3010 centis
260 2933 440 3017 millibus,
460 2926 670 3006 Radericum
694 2928 749 3003 alii
771 2953 854 3006 oum
881 2932 1077 3024 ducentis,
1095 2939 1146 3016 alii

130 3067 214 3120 cum
235 3044 504 3143 quadringentis
526 3041 679 3116 millibus
706 3041 858 3117 militum
879 3049 1083 3141 proceffille
1103 3050 1146 3126 di.

129 3168 241 3248 cunt;
288 3153 430 3230 Attilam
467 3153 583 3250 pollen
619 3151 839 3228 Hunnorum
872 3179 1035 3254 regem,
1071 3185 1144 3240 cnm

128 3269 336 3368 quingentis
363 3264 543 3340 millibus:
589 3281 714 3339 contra
745 3287 864 3365 quos,
910 3273 1020 3369 quod
1049 3275 1151 3351 armir-

128 3376 258 3456 confici
278 3403 351 3455 non
377 3380 525 3475 potuit,
558 3379 686 3450 iterum
719 3375 859 3472 perfidia
893 3395 1077 3463 tentatum
1102 3385 1144 3463 eit

129 3494 233 3568 etiam
274 3487 337 3565 sub
373 3485 581 3562 Theodolio
616 3488 781 3573 iuniore,
828 3505 955 3569 eontra
1006 3497 1144 3574 Attilam

123 3603 249 3681 frustra
269 3601 467 3701 quidemet
487 3600 521 3673 in
542 3600 734 3695 perniciem
750 3603 956 3697 propriam,
977 3606 1141 3685 incallum

128 3730 266 3794 tentato
292 3711 461 3790 Edecone
484 3709 629 3807 legato,
675 3727 714 3786 ut
737 3712 851 3787 Attilae
881 3737 1011 3795 necem
1046 3722 1142 3798 infer.

126 3843 190 3905 ret.
251 3825 356 3904 Erant
394 3821 517 3900 Hunni
544 3820 726 3919 gentiles,
752 3823 1020 3906 .-nihilominue
1052 3829 1140 3932 apud

127 3940 301 4026 Attilam,
334 3962 378 4014 ne
403 3933 520 4012 Roma
544 3933 823 4033 depraedaretur,
853 3935 934 4036 plus
962 3949 1085 4039 potuit
1107 3943 1134 4020 8.

818 4066 821 4074 ·
935 4042 1020 4132 Leo
1048 4053 1087 4134 Ρ.
