2400 4478
32 219 37 225 ’
141 244 222 318 27²
504 217 651 318 &tulin
676 217 839 327 militans

134 387 244 464 bunal
270 384 418 465 sacrum.
465 387 689 488 Amplillima
712 389 805 466 istud
828 386 993 467 trilsunal
1025 382 1168 472 audon

134 516 209 613 tate
232 525 308 575 non
335 501 449 575 caruit
471 519 575 577 aetate
594 498 662 578 hac
679 507 813 601 prima,
842 504 1000 603 quondo
1022 529 1111 582 cum
1128 512 1168 584 in·

133 616 267 690 teriore
291 612 413 688 forum
443 631 640 690 externum
670 614 906 692 coniundum
934 615 1036 710 fuit3
1068 643 1166 719 quau

131 725 182 799 do
199 726 361 822 impetita
379 749 564 826 nunquam
583 728 628 801 ab
642 726 722 802 ullo
743 730 956 826 principum
970 729 1047 828 ipsa
1066 733 1165 811 ecclo

132 835 261 911 fiastica
279 837 501 913 iurisdillio:
523 839 672 937 quando
689 840 790 914 iuxta
810 861 975 916 canones
994 848 1164 940 poeniteu-

53 970 59 981 ·
131 949 254 1032 tiales,
286 950 330 1023 ab
361 946 510 1026 Ecclefia
545 973 592 1026 ex
620 952 753 1049 plena,
784 942 875 1027 nulli
908 941 1088 1032 humanae
1115 981 1156 1058 po
1188 966 1190 1043 j

131 1063 253 1137 tentiae
287 1076 550 1161 competente,
590 1066 737 1138 einero
776 1086 796 1138 a
822 1061 976 1140 Christo
1012 1056 1156 1146 conceda
1188 1146 1190 1155 ,

132 1172 310 1248 retinendi
322 1180 341 1256 ,'
352 1174 633 1274 remittendique
649 1174 823 1272 potestate
844 1175 1095 1268 constitutos,
1111 1185 1159 1258 iu·
1188 1176 1190 1181 ’

130 1283 244 1384 posita
271 1287 414 1383 publico
447 1305 483 1362 et
505 1290 638 1386 privata
663 1283 880 1385 poenitentia
912 1288 1012 1378 fuit,
1054 1318 1093 1369 ac
1115 1299 1156 1370 in·

128 1395 229 1474 fliuae
254 1404 437 1477 canonica
467 1422 535 1496 pro
565 1397 734 1498 qualitate
772 1401 974 1476 criminum
1024 1420 1150 1504 prr-nm·

130 1510 214 1586 licet
247 1508 396 1586 Ecclelia
426 1510 489 1586 lub
529 1510 681 1586 ethnicis
724 1509 843 1587 adhuc
887 1514 1146 1613 imperatoribus

127 1621 240 1723 prella
266 1627 471 1718 gemuerit,
504 1639 544 1698 ut
569 1620 817 1699 Tertullianus
849 1625 1007 1703 testatur
1034 1628 1090 1706 seu
1112 1626 1146 1707 ll.

126 1732 192 1812 sub
224 1734 325 1809 Alex.
346 1735 510 1821 Severo,
551 1784 574 1826 ‚-,
591 1734 728 1810 lbidem
757 1738 863 1810 etiam
888 1736 1009 1832 (ait)
1040 1739 1145 1817 exhor-

38 1914 45 1925 .
108 1864 151 1939 ²„
179 1849 347 1929 tationes,
370 1865 405 1921 et
423 1846 683 1942 castigationes,
701 1861 738 1923 et
754 1847 899 1923 cenlura
917 1850 1056 1930 divina.
1073 1852 1146 1931 Nam

78 1966 82 1975 '
123 2006 148 2052 ,‚
178 1973 214 2036 et
246 1957 429 2034 iudicatur
462 1979 598 2054 magno
630 1982 714 2033 cuni
749 1959 942 2059 pondere,
1000 1980 1046 2042 ut
1073 1963 1147 2065 apud

95 2085 296 2165 ·„‚,qertos
335 2071 380 2144 de
404 2060 528 2145 divino
560 2068 698 2168 alpellu
715 2114 733 2157 ,·
779 2071 1045 2177 summumque
1072 2077 1149 2155 futu-

99 2196 147 2277 '·„
174 2184 202 2258 ri
220 2182 342 2258 iudicii
360 2183 606 2279 praeiudicium
628 2183 700 2267 est,
728 2179 835 2283 liquis
860 2185 909 2260 ita
943 2187 1146 2290 deliquerit,

124 2300 211 2388 ,gut
242 2297 619 2370 acommonicatione
652 2297 826 2372 orationis
857 2309 894 2371 et
927 2320 1148 2388 conventus,

123 2461 147 2499 „
177 2422 213 2483 et
234 2408 353 2482 omnis
378 2405 482 2482 sandi
520 2409 732 2483 commercii
756 2406 939 2505 relegetur
958 2462 994 2504 „,

380 2767 633 2890 ennon
691 2796 875 2889 XXXL

83 2939 86 2947 Ι
164 2985 282 3064 &olus
302 2985 448 3088 Ecclefiae
463 2986 671 3074 militantis,
689 2970 1108 3089 Romanique-imperim

227 3098 327 3177 urbis
347 3096 432 3200 suto
447 3094 516 3199 fec.
540 3090 579 3174 V
577 3100 604 3177 I.
636 3098 854 3194 efflorescent
870 3103 910 3173 io
934 3126 1052 3200 regno
1167 3099 1169 3106 ’

304 3213 489 3300 nanno,
507 3231 616 3309 regno
636 3208 764 3301 Christi
778 3215 816 3286 in
833 3218 957 3292 terris,

119 3376 380 3558 Posteaquam
405 3397 473 3469 lam
504 3390 549 3468 ad
580 3391 688 3468 finem
719 3391 823 3469 lecul.
852 3387 897 3468 V.
941 3391 1145 3474 Clodoteul

176 3503 397 3583 Francorum
429 3527 491 3581 rex
521 3505 589 3580 late
622 3504 852 3602 Burgundis,
883 3504 1143 3608 Westgothis,

117 3618 233 3704 Boiis,
265 3617 471 3695 Alemannis
487 3618 715 3705 dominatus,
745 3615 932 3719 Romanos
956 3619 1076 3698 Gallia
1095 3641 1145 3698 ess

117 3729 276 3837 pulillet,
306 3730 563 3808 Theudoricus
583 3728 891 3832 Gothorumrex
916 3727 1078 3810 Romam
1098 3749 1142 3808 an.

117 3871 208 3943 499.
240 3843 433 3944 ingrellus,
466 3844 613 3919 solemni
633 3836 765 3942 pompa
789 3838 906 3938 regno
931 3842 1042 3924 ltaliae
1062 3846 1144 3946 poti·
1183 3838 1185 3844 ’

115 3959 263 4049 tonost,
294 3956 489 4056 Vandalis,
529 3956 676 4043 Alanis,
710 3952 882 4043 Hunnis,
920 3954 1071 4146 Hprulis
1100 3979 1143 4033 raa

647 4101 654 4109 ·
824 4091 825 4094 ‘
975 4095 1099 4176 nquam
