2438 4470
570 48 575 59 .
603 50 636 147 ¹¹3,-

92 249 179 332 198·
237 164 248 196 Ι
440 166 770 335 &cusu-'militant

17 435 20 438 ⁴
90 453 125 496 „
152 398 418 477 comitarentur.
477 398 522 477 At
548 422 645 478 nunc
668 419 870 498 pugnamus
894 407 1019 476 contra
1046 419 1130 496 per-

98 562 125 605 ,
154 510 350 588 secutorem
379 510 579 595 fallentem,
606 527 732 586 contra
758 511 896 587 hostem
940 508 1128 586 blandien-

99 675 124 718 ,‚
153 639 246 708 tem,
291 635 417 698 contra
456 621 706 700 Constantium
748 610 1032 699 antichristumr‘
1060 618 1126 721 qui

16 752 19 757 ·
101 784 127 829 ,,
153 756 231 808 non
252 730 351 808 dorsa
371 733 495 820 caedit,
527 732 584 810 sed
604 747 763 810 ventrem
787 733 921 831 palpat3
952 755 1027 809 non
1042 754 1131 830 pru..

102 897 127 936 ,,
156 842 274 920 scribit
299 843 342 918 ad
369 847 498 929 vitam,
545 842 601 920 sed
629 844 717 919 ditat
747 844 790 920 ad
820 861 975 920 mortem
1000 843 1070 919 &c
1092 899 1125 934 ‚,.

100 948 233 1032 Tuitus
255 956 376 1050 postea
401 953 456 1040 se,
487 954 586 1055 quod
612 953 862 1034 Constantium
881 955 1124 1037 antichristum

29 1143 31 1147 ,
99 1063 285 1163 appellarit
311 1065 464 1142 eundem
500 1089 587 1143 mox
616 1088 698 1142 cum
727 1065 896 1152 Nerone,
941 1064 1061 1145 Decio
1090 1082 1126 1142 et

98 1171 325 1254 Maximiano
353 1190 536 1275 comparat
565 1174 603 1262 u)
631 1179 745 1254 aiens:
781 1232 803 1268 „
821 1190 946 1253 contra
975 1176 1096 1255 Deum
1112 1222 1124 1266 .

100 1339 125 1381 „
155 1310 311 1386 pugnas,
343 1303 469 1364 contra
500 1285 683 1367 Ecclefiam
708 1287 823 1373 savis,
854 1286 1126 1386 sanctos'perle·

100 1451 125 1493 „
154 1399 293 1498 queris,
336 1401 581 1496 praedicatores
605 1396 736 1476 Christi
766 1400 869 1483 odis,
911 1398 1124 1496 religionem

18 1538 39 1575 ι
56 1538 65 1561 -·
97 1561 124 1602 .,
153 1509 271 1595 tollis,
303 1523 570 1609 tyrannusnon
597 1513 662 1585 iam
689 1509 931 1592 humanorum
958 1509 1016 1586 led
1036 1510 1126 1586 diui·

47 1712 60 1727 ..
98 1674 124 1714 ,,
152 1643 284 1696 norum
312 1645 358 1696 es
417 1620 460 1696 Et
483 1619 586 1716 paulo
603 1617 693 1717 poll:
726 1621 771 1699 At
794 1634 832 1697 tu
853 1625 1019 1697 omnium
1045 1645 1124 1699 cru·

28 1740 63 1771 ·‘'
100 1783 125 1825 ,,
152 1730 285 1808 delium
313 1730 545 1808 crudelillime
565 1731 699 1807 damno
722 1735 856 1808 maio-re
886 1733 922 1806 iu
954 1754 1042 1816 nos,
1089 1741 1123 1809 et

99 1893 125 1937 ,
154 1845 252 1915 venia
274 1847 414 1918 minore
437 1842 585 1919 desaevis.
629 1841 799 1942 Subrepis
825 1844 993 1929 nomine,
1026 1841 1124 1919 blan«

100 2003 125 2045 ,,
153 1951 316 2028 dimento
346 1953 502 2038 occidis,
550 1952 663 2051 specie
692 1952 874 2051 religionis
901 1955 1119 2055 impietatem

98 2115 125 2158 „
156 2065 320 2160 peragis,
364 2062 494 2142 Christi
524 2064 689 2146 ,mendax
731 2064 940 2162 predicator
979 2065 1120 2143 ocmdis.

63 2226 126 2285 ἓ,,
153 2173 241 2252 Non
277 2173 443 2274 relinquis
475 2173 589 2250 saltem
625 2174 754 2252 miseris
788 2172 1054 2261 excolationes,
1085 2187 1122 2251 ut

72 2279 125 2379 '„
152 2300 286 2362 aeterno
308 2287 415 2362 iudici
438 2284 501 2362 luo
527 2308 652 2383 poenas
685 2303 721 2362 et
746 2285 879 2386 aliquas
908 2284 1120 2364 laniatorum

97 2447 124 2488 η
151 2417 346 2492 corporum
366 2396 544 2495 preferant
563 2398 769 2481 cicatrices,
792 2416 832 2474 ut
852 2394 1041 2475 infirmitas
1064 2397 1120 2472 de-

101 2561 125 2600 „
153 2506 274 2583 fendat
304 2505 548 2585 necessitatem.
623 2506 859 2586 Scelestissime
896 2502 1117 2588 mortalium!

99 2670 124 2712 ,,
153 2621 275 2693 omnia
298 2617 550 2718 persecutionis
575 2618 664 2695 mala
693 2620 739 2695 ita
768 2634 964 2717 temperas,
996 2636 1038 2697 ut
1063 2641 1120 2694 ex·

100 2781 125 2820 „
153 2729 271 2806 eludas
296 2746 330 2805 et
353 2733 387 2805 in
412 2745 561 2829 peccato
586 2732 746 2818 veniam,
776 2745 813 2807 et
838 2733 875 2807 in
901 2729 1123 2810 conseffioue

96 2890 122 2935 ῃ
150 2843 405 2946 martyrium„

178 2997 269 3081 Nou
294 3001 411 3076 minus
435 2999 663 3079 vehementer
688 3025 730 3079 ac
757 3003 911 3101 graviter
940 3001 1121 3082 Consiua·-

95 3108 188 3188 uum
221 3113 307 3206 imp.
335 3109 468 3188 inceffit
498 3110 640 3189 Lucifer
679 3112 899 3191 Calaritanus
932 3115 1114 3214 episcopus

95 3222 197 3296 variis
226 3216 404 3318 upusculis
427 3223 469 3298 ad
494 3225 649 3301 eundem
677 3228 928 3324 imperatorem
957 3226 1114 3310 direslis,

94 3353 176 3428 quaa
204 3329 385 3408 novissime
408 3330 487 3411 sunt
508 3335 599 3410 edita
626 3333 672 3412 T.
698 3333 762 3413 Vl.
791 3334 878 3412 Bibl.
907 3332 973 3413 PP.
1006 3336 1114 3415 studio

95 3439 186 3518 Ana.
216 3438 405 3532 Caliordi,
434 3469 474 3524 ac
499 3449 655 3543 primum
681 3447 827 3545 quidem
859 3467 925 3544 pro
955 3447 990 3523 S.
1018 3436 1144 3525 Atha·v

96 3550 194 3628 nafio
219 3550 264 3630 src
284 3549 323 3642 b)
347 3555 566 3654 auspicatur:
606 3612 628 3647 ‚,
654 3556 792 3654 Cogis,
824 3555 1033 3645 Constanti,
1063 3559 1116 3652 ab·

95 3717 119 3756 η
150 3663 283 3740 sentem
324 3667 491 3742 damnare
524 3667 813 3744 consacerdotem
849 3670 1010 3745 nolirum
1044 3668 1116 3745 reli·

96 3824 121 3866 ,,
149 3774 292 3874 giosum
319 3775 569 3874 Athanafium;
609 3777 668 3856 led
693 3780 811 3858 divina
836 3774 872 3857 id
893 3779 1011 3860 facere
1039 3800 1116 3880 pro«

962 3936 992 3988 s
1015 3891 1072 3973 hl·

138 4013 438 4119 uououm
503 4043 682 4123 uuus
