2400 4478
132 214 212 322 sm
495 198 825 297 ⁴Endnumilitnu

129 371 325 475 legationis
348 364 543 477 successum
568 383 707 452 narrat.
729 361 1163 450 eius'nomineTreviros

130 486 175 564 ad
195 483 397 561 niaximum
414 484 668 575 imperatorem
687 504 741 554 an.
760 491 848 568 386.
867 480 1062 579 susceptae:
1082 485 1162 563 dum

129 597 206 681 illi,
237 590 331 694 quast
349 614 432 665 cum
452 589 613 666 Bautone
631 589 850 676 colludenti,
884 591 1075 670 Maximus
1093 599 1162 673 bar·

127 708 236 785 batos
264 699 438 778 immissos
464 705 660 801 exprobrat
680 728 697 778 a
714 700 877 780 Bautone
894 709 1073 782 nimirum
1099 707 1161 785 hoc

130 822 257 897 socero
288 816 427 891 Arcadii
450 817 693 912 imperatoris,
729 814 789 890 sub
818 837 894 913 quo
927 818 1052 911 postea
1085 821 1160 897 teste

131 926 310 1027 Prospero
328 930 363 1001 in
382 926 506 1002 chron.
526 924 743 1024 Radagarius
770 949 832 1000 rex
855 924 1076 1006 Gothorum
1099 930 1157 1007 lta-

128 1041 185 1117 liae
207 1041 355 1115 limitem
380 1039 572 1115 vastaturus
599 1033 769 1134 ingressus
790 1038 849 1112 est.
871 1061 872 1064 ’
910 1036 967 1112 Ex
984 1041 1070 1128 hoc,
1088 1042 1154 1119 sub·

129 1153 202 1236 dit.
236 1151 383 1234 litiani,
415 1152 476 1244 qui
494 1147 648 1224 liutnuno
666 1147 791 1244 procul
808 1145 890 1224 orbe
899 1146 1053 1246 fugati,
1085 1153 1155 1231 itur.

129 1261 304 1342 hararum
334 1264 542 1346 nationum,
572 1261 619 1335 ud
645 1283 729 1355 quus
752 1258 794 1357 se
827 1262 1029 1351 contulere,
1054 1264 1152 1361 pres·
1190 1304 1192 1357 t

129 1376 187 1453 dio
207 1377 300 1470 erigi
311 1389 446 1468 crepere.
504 1370 620 1450 Bauto
638 1396 743 1457 vero,
766 1375 865 1448 cuius
887 1371 1150 1471 liliamAreadio

18 1484 29 1501 '
130 1485 281 1587 nupsisse
301 1484 562 1582 Philostotgius
580 1483 765 1584 perhibet,
798 1485 893 1559 idem
918 1487 990 1574 eli,
1023 1508 1061 1565 ut
1078 1491 1148 1566 San.

129 1596 295 1677 Mautani
323 1598 477 1673 editores
505 1596 538 1671 S.
572 1593 744 1672 Ambrosii
771 1598 1001 1686 coniiciunt,
1035 1599 1148 1678 Roma·

129 1733 198 1788 nus
219 1708 365 1794 conlisi,
398 1711 454 1784 cui
480 1706 514 1784 S.
535 1706 754 1805 Augustinus
779 1701 984 1786 Mediolani
1008 1737 1145 1814 panegy-

125 1826 246 1915 ,ticum
263 1821 372 1911 dixit3
403 1843 511 1917 quem
537 1842 624 1894 vero
645 1818 826 1894 Maximus
845 1819 989 1898 ibidem
1011 1844 1152 1923 regnum·

131 1931 196 2008 sub
224 1930 339 2029 speeie
368 1932 491 2027 pueri,
532 1928 774 2006 Valentiniani
806 1931 1013 2023 nimirum,
1046 1938 1147 2013 vendi·

130 2038 1144 2142 mmwfflemmmtfflfflmmffimmm

129 2155 221 2229 ximi
247 2153 372 2237 verba,
404 2175 472 2225 trun
504 2150 670 2236 habeam,
712 2174 794 2247 quos
814 2151 933 2247 poffim
963 2159 1146 2247 adducere,

130 2287 209 2344 cum
238 2263 327 2338 miti
349 2273 401 2336 tot
422 2262 532 2337 millia
559 2260 795 2339 tartarorum
824 2262 1011 2356 militent,
1043 2284 1077 2346 et
1099 2295 1148 2348 un-

128 2394 237 2450 nonur
261 2399 282 2449 u
307 2397 362 2449 me
385 2379 568 2469 accipiant.
635 2373 775 2470 Quaerit
811 2378 847 2450 in
869 2379 1102 2477 responsione
1120 2384 1147 2462 S,

129 2485 335 2566 Ambrosius
361 2511 394 2561 n.
415 2509 450 2578 7.
466 2487 500 2562 &
517 2499 548 2573 8.
572 2511 665 2587 quos
681 2485 865 2563 immiserit
883 2490 1059 2572 barbaros
1076 2496 1148 2574 Bau-

128 2598 200 2677 to?
230 2656 251 2690 „
266 2596 311 2676 Et
334 2597 421 2699 quid
446 2602 599 2686 mirum,
630 2596 802 2697 (pergit)
824 2597 848 2674 st
874 2597 948 2680 hoc
974 2603 1092 2684 Bauto
1111 2609 1148 2684 st·

125 2768 148 2803 „
177 2710 290 2788 osset*
311 2710 586 2787 transrhenanus
625 2735 778 2808 genere,
809 2735 893 2787 cum
923 2729 970 2794 tu
988 2723 1151 2796 miniteris

125 2878 148 2915 „
167 2825 331 2922 ,imperio
348 2821 517 2898 Romano
538 2824 768 2900 barbarorum
785 2825 942 2929 aurisia,
967 2845 1004 2906 et
1025 2848 1147 2910 turmas

126 2989 154 3027 n.
179 2934 472 3018 translimitanas,
514 2938 642 3034 quibus
673 2949 895 3010 commeatus
926 2943 1146 3037 provinciali.

124 3100 152 3155 »γ
176 3068 238 3126 um
260 3045 390 3121 tributa
405 3044 608 3122 solvebant?
637 3044 731 3122 Vide
751 3060 891 3132 autem,
913 3055 1006 3148 quid
1025 3053 1146 3132 interfit

124 3208 148 3247 ‚,
176 3156 268 3232 inter
295 3171 371 3234 tuas
396 3159 655 3241 minitationes,
686 3172 722 3232 et
748 3155 994 3239 Valentiniani
1020 3167 1145 3265 augusti

125 3323 148 3359 „
177 3266 278 3366 pueri
297 3266 629 3345 mansuetudinem!
649 3267 707 3344 Tu
723 3266 926 3367 flagitabas,
955 3281 1064 3375 quod
1081 3280 1146 3354 bar.

123 3428 146 3470 ,-,
176 3376 346 3456 batorum
365 3380 509 3477 stipatus
524 3383 729 3478 agminibus
749 3379 853 3464 ltaliae
871 3396 906 3457 te
923 3388 1144 3467 infunderes:

125 3545 147 3583 „
177 3482 449 3584 Valentinianus
473 3485 630 3567 Hunnos
658 3508 768 3592 atque
794 3492 928 3570 Alanos
958 3505 1145 3600 appropin-

124 3653 157 3695 ,,,
177 3617 327 3700 quantes
355 3596 479 3678 Galliae
499 3620 565 3700 per
596 3599 816 3679 Alamanniae
852 3618 966 3687 terras
1003 3613 1141 3690 reflexit

122 3768 145 3809 „
176 3711 278 3806 Quid
312 3711 417 3790 habet
446 3714 605 3801 invidiae,
654 3713 818 3792 fiBauto
852 3716 1031 3801 barbaros
1071 3747 1143 3803 cum

122 3883 144 3918 ‚,
173 3828 328 3903 barbaris
350 3828 435 3903 fecit
459 3823 675 3948 decerneres
703 3824 891 3922 Quoniam
914 3832 1007 3915 dom
1028 3851 1067 3913 tu
1090 3837 1146 3912 mi-

998 3943 1100 4028 litem

143 4043 498 4169 fflinsnmn
