2400 4478
146 233 230 309 254
478 206 621 312 Ecclesia
641 206 799 296 militant

140 435 163 472 „
193 373 419 464 audivimus,
450 381 573 454 omnia
604 383 833 481 gemuimus,
864 376 954 482 saepe
976 381 1168 474 flevimus,

140 547 163 582 „
193 496 251 565 vix
278 489 449 567 consolati
476 489 624 584 sumus;
663 516 737 568 non
754 493 902 578 abnuo,
933 517 1016 570 non
1048 522 1167 598 nego,

141 658 163 694 „
195 603 306 678 muita
330 624 396 676 nos
414 600 564 688 audisse,
597 604 707 680 multa
728 607 765 680 in
792 604 848 680 iila
872 605 963 682 urbe
983 605 1056 684 effe
1075 635 1169 688 com-

141 770 163 806 „
195 708 292 789 missa
316 768 349 805 „.
405 708 548 790 Solatur
577 732 697 793 tamen
726 716 845 814 postea
872 717 956 794 suos
988 721 1169 801 auditores

142 827 192 901 ob
217 826 326 902 iustos
347 827 383 901 in
406 849 446 902 ea
467 828 556 902 urbe
580 843 617 902 et
642 826 801 912 sandos,
841 851 906 904 eos
933 833 1068 919 etiam,
1108 840 1169 937 qui

60 1018 67 1045 Ι
143 939 180 1013 in
204 936 302 1014 bello
313 960 359 1013 eo
380 941 514 1013 mortui
535 938 636 1031 sunt;
654 954 742 1014 tunc
756 961 844 1015 vero
862 939 1013 1019 illorum
1037 964 1167 1045 partem

140 1049 299 1127 recenset
322 1046 360 1136 o)
389 1107 411 1140 „
426 1070 507 1150 quae
531 1067 614 1126 ante
634 1050 760 1127 hostile
783 1051 998 1131 incendium
1025 1061 1064 1133 in
1086 1061 1166 1136 mui-

142 1218 164 1254 „
194 1165 238 1237 tis
259 1186 304 1239 ex
333 1164 441 1240 musta
459 1177 558 1260 parte
575 1165 798 1260 migraverat
858 1163 1163 1272 Migraruut,qui

140 1329 162 1367 „
191 1273 388 1374 sugerunt.
419 1278 620 1372 migrarunt
644 1275 768 1375 quide
796 1294 957 1377 corpore
976 1285 1160 1360 exierunt:

141 1442 162 1479 ,‚
193 1389 295 1464 multi
325 1384 511 1487 praesentes
548 1401 734 1485 utcunque
760 1385 971 1478 latuerunt,
1007 1394 1110 1471 musti
1128 1398 1158 1473 in

141 1553 163 1590 ‚,
192 1501 280 1576 locis
316 1498 437 1575 sannis
461 1501 528 1572 vivi
558 1499 709 1598 salvique
746 1498 869 1576 servati
900 1501 998 1580 suot.
1062 1505 1159 1585 Manu

142 1657 169 1705 „
194 1636 284 1711 ergo
304 1611 526 1692 emendantis
539 1609 608 1687 Dei
632 1628 795 1709 correpta
813 1616 937 1712 potius
955 1618 1152 1706 civitmiise,

140 1780 163 1816 „
193 1748 300 1825 quam
325 1724 485 1821 perdita,
533 1736 703 1822 tanquam
735 1723 851 1800 servus·
887 1725 1006 1806 sciens
1046 1730 1154 1808 volun·

140 1892 163 1933 „
193 1854 301 1912 tatem
317 1836 457 1909 domini
471 1835 545 1919 sui,
567 1850 602 1910 et
625 1836 755 1912 faciens
772 1834 880 1934 digna
898 1838 1044 1939 plagis,
1064 1867 1155 1943 vapu-

140 2002 163 2038 „
191 1945 276 2022 lavit
290 1945 453 2038 multis,
510 1946 568 2021 Sic
584 1950 620 2021 in
643 1965 842 2025 memorata
859 1948 915 2024 illa
935 1955 982 2029 ad
996 1953 1155 2032 Vidoria-

142 2083 229 2136 oum
249 2058 396 2158 epistola
415 2053 505 2134 nihii
523 2056 647 2134 melius
662 2072 734 2134 tam
753 2059 931 2150 ethnicis,
954 2067 1159 2166 quemchri.

141 2171 258 2248 stianis
276 2175 401 2268 reponi
422 2158 532 2268 posse,
548 2169 712 2256 declarat,
730 2192 838 2271 quam
853 2180 1088 2270 grauioribus
1102 2203 1156 2279 pe·

139 2291 193 2365 nis
213 2284 348 2385 dignos
373 2278 460 2369 esse,
492 2285 554 2381 qui
576 2279 730 2358 Domini
755 2275 1009 2377 voluntatem,
1064 2314 1157 2394 quam

141 2395 308 2498 ignorare
326 2418 404 2473 non
433 2391 595 2494 possunt,
638 2393 894 2492 aspernantur,-
944 2404 1069 2490 acii,
1106 2405 1156 2503 qui

140 2533 217 2588 enm
242 2514 419 2609 ignorant.
480 2508 520 2584 sn
555 2507 722 2614 sermone
754 2520 875 2584 autem
903 2509 969 2588 isio
995 2513 1041 2589 de
1071 2514 1157 2591 ursit

138 2623 274 2700 excidio
293 2625 385 2698 inter
406 2611 512 2704 illos,
555 2623 616 2718 qui
635 2617 715 2693 salvi
737 2619 948 2709 eraserunt,
979 2627 1090 2704 initio
1107 2630 1155 2704 sta.

138 2740 207 2813 tim'
235 2733 273 2826 b)
297 2755 330 2811 n.
356 2755 390 2810 2.
420 2730 606 2808 censentur
624 2724 752 2815 multi,
783 2731 906 2824 quiin
928 2730 1017 2812 locis
1034 2736 1158 2834 fiendis

138 2871 181 2923 ne
199 2851 301 2944 tongi
317 2855 516 2943 potuerunt.
577 2841 693 2935 Quod
712 2841 771 2917 hic
787 2846 908 2940 paucis
926 2845 1060 2936 habet,
1080 2845 1158 2928 edis·

139 2961 220 3036 serit
236 2983 327 3035 mox
348 2963 383 3034 in
408 2949 561 3032 exordio
579 2953 635 3029 lib.
661 2977 694 3030 r,
713 2954 753 3028 de
770 2957 859 3029 cioit
874 2953 945 3031 Dei
960 2974 989 3034 c.
1018 2980 1052 3037 r.
1074 2986 1157 3063 quos

138 3072 277 3156 libros,
308 3083 348 3147 ut
371 3072 440 3145 iam
460 3067 715 3150 indicavimus,
747 3065 879 3152 edidit,
911 3068 1059 3172 aliquot
1087 3074 1158 3175 posi

140 3206 253 3258 annos
296 3184 346 3257 ob
393 3194 626 3256 memoratam
674 3196 899 3277 paganorunt
942 3182 1158 3265 calumniam

139 3292 311 3391 scriptos31
348 3308 457 3394 utque
477 3293 580 3369 etiam
600 3288 751 3368 Orosius
776 3292 812 3363 in
838 3297 1034 3388 prooemio
1058 3298 1156 3376 histo·

136 3461 159 3498 „
189 3406 249 3480 riae
265 3403 356 3490 soae,
400 3460 422 3496 „
440 3401 538 3503 quod
562 3405 690 3499 pagani
708 3412 829 3501 neque
849 3401 969 3480 sutura
988 3410 1156 3487 meditan-

135 3574 158 3612 „
188 3533 264 3601 tes,
295 3539 411 3614 neque
434 3511 631 3589 recolentes
659 3518 832 3610 praeterita
856 3539 902 3592 ex-
922 3520 1024 3596 urbis
1048 3546 1152 3621 expu-

137 3686 161 3726 „
188 3628 389 3729 guntione,
430 3650 495 3700 nec
526 3648 601 3698 non
631 3625 704 3700 asiis
725 3620 880 3702 Romani
906 3629 1054 3729 imperii
1074 3636 1152 3711 cala·

135 3800 158 3837 „
189 3738 371 3818 nritatibus
397 3735 514 3812 ansam
537 3738 731 3834 arriperent
764 3735 1032 3837 blasphemandi
1055 3747 1150 3837 tae,

135 3867 357 3958 preceptum
382 3847 443 3925 fibi
465 3864 640 3925 memorat
674 3848 741 3927 aS.
764 3852 970 3949 Augustino
1008 3907 1034 3952 „
1055 3859 1152 3956 tragi-¹

83 4160 153 4220 ι
178 4070 212 4151 ι)’
234 4082 262 4134 n.
287 4069 315 4143 ε’.
339 4085 368 4148 p.
393 4073 463 4140 σις’,
527 4067 560 4145 i)
583 4083 612 4145 p.
630 4072 699 4141 624.
1015 4027 1039 4065 ’³
1068 3995 1106 4050 ca
