2400 4478
185 215 337 294 regnum
353 187 484 286 curisti
499 192 540 270 in
556 193 676 271 tertis.
697 210 725 270 e.
746 191 855 275 XXI.
971 220 1048 298 157

17 359 132 441 veluti
145 357 324 436 ostentare
341 357 374 432 se
388 356 537 455 publico
563 353 748 453 religionis
778 359 897 446 cultu,
926 373 968 438 ut
979 377 1053 463 po.
1175 373 1176 376 ‘

17 477 87 553 stea
118 472 182 548 sub
204 469 481 570 imperatoribus
505 466 722 555 christianis,
762 493 839 546 nou
871 478 1052 571 potuerit3

15 582 231 689 potestatem
262 599 383 658 tamen
407 602 484 655 eam
509 594 713 679 acceptam,
758 583 918 660 adivino
941 592 1055 687 magi.

15 698 91 776 stro
106 715 227 795 ,rege
250 715 378 792 regum
395 703 433 765 et
452 689 606 770 domino
630 688 895 773 dominantium
918 698 1055 800 ubique

16 826 197 887 terrarum
227 799 471 902 dmouparmair
501 804 619 904 (quin
655 802 711 878 vel
753 828 830 883 uuo
872 811 974 908 apice
1016 813 1054 890 in

17 918 219 1017 Evangelio
239 930 397 1016 totoque
430 935 530 992 novo
559 911 793 997 Testamento
819 917 1056 1002 demonstrari

20 1027 151 1136 poffit,
185 1018 295 1106 ullam
319 1042 496 1104 extraneae
524 1027 688 1127 potestati
715 1026 850 1128 inipso
877 1034 1057 1131 regimine
1116 1049 1119 1053 ’

21 1133 256 1225 ecoleliuliico
275 1138 392 1216 datam
414 1134 515 1216 fuiffe
536 1135 702 1239 partem)
730 1135 891 1240 abrimo
918 1145 1058 1224 iniiitu.

21 1257 133 1335 tionis
173 1251 241 1328 suae
265 1264 457 1328 momento
481 1245 557 1327 line
590 1250 666 1328 nilo
694 1249 837 1329 alterius
874 1255 1060 1354 potestatis

22 1365 243 1450 consortio,
290 1361 428 1462 semper
455 1364 643 1447 exercuit,
683 1364 726 1438 in
758 1360 826 1440 iuis
858 1365 1058 1464 pastoribus

21 1477 271 1578 conspicuam.
329 1471 442 1551 Cuius
482 1472 584 1550 modi
618 1472 727 1561 suut,
774 1498 867 1578 quos
898 1476 969 1577 ipse
1007 1477 1057 1558 D,

24 1586 156 1673 Paulus
185 1586 372 1686 praeceptis
400 1584 569 1673 instituit,
600 1581 840 1674 Timotheus,
871 1586 1057 1680 et·Titus,

24 1698 265 1807 peculiaribus
306 1695 491 1797 epistolis,
557 1709 594 1775 et
630 1694 664 1774 S.
686 1691 839 1776 Ioannes
870 1700 907 1776 in
944 1697 1059 1803 Apoc.

25 1815 163 1917 septem
189 1796 338 1908 angelo‘s
375 1809 433 1885 seu
463 1805 677 1910 episcopos,
721 1809 809 1887 alios
841 1829 961 1891 autem
987 1815 1059 1892 iam

24 1925 168 2027 ingenti
203 1943 357 2000 numero
388 1919 590 2020 suppeditat
620 1921 763 1999 historia
795 1922 880 2000 inde
898 1925 943 2000 ab
972 1949 1061 2027 apo·
1169 1930 1174 1938 ’

27 2038 162 2117 stolicis
186 2033 410 2133 temporibus
434 2030 498 2110 sec.
524 2030 551 2111 l.
580 2046 618 2110 et
639 2031 683 2111 11.
715 2036 863 2136 quando
895 2031 1087 2137 christus,

29 2169 186 2250 regnum
208 2145 312 2225 suum
336 2140 526 2223 Ecclefiam
554 2144 767 2222 militantem
797 2147 955 2224 dilatavit
981 2151 1061 2230 non
1088 2154 1091 2160 ’

26 2260 145 2342 iulum
178 2264 215 2335 in
244 2255 422 2344 Oriente,
450 2257 514 2335 ubi
538 2259 718 2355 originem
748 2257 843 2337 luam
867 2264 1004 2361 accepit
1023 2264 1062 2340 iu

29 2371 201 2453 Palestina
229 2371 417 2469 vicinaque
445 2367 563 2469 Syria,
603 2367 788 2470 AEgypto,
817 2367 893 2448 Ata
919 2376 1062 2453 minore
1110 2468 1113 2474 ἢ

30 2501 66 2563 et
86 2484 243 2570 Graecia,
288 2504 413 2559 verum
439 2484 546 2558 etiam
577 2483 614 2559 in
633 2479 836 2580 longillime
859 2479 978 2560 diffisis
999 2508 1063 2560 na·

32 2596 195 2675 tionibus
234 2591 513 2695 quaquaversum
554 2613 617 2692 per
657 2591 787 2669 orbem
821 2595 927 2669 etiam
970 2586 1063 2673 ultra
1126 2637 1129 2644 =

32 2708 192 2789 Romani
218 2704 399 2782 latiilrmos
426 2703 514 2781 fines
537 2706 702 2803 imperii:
742 2707 805 2805 qni
829 2719 868 2782 ut
890 2703 1062 2804 paulatim

30 2816 348 2907 diminue‘bantum
378 2818 523 2893 termini
543 2813 718 2893 christiani
735 2816 833 2892 orbis
850 2817 897 2893 err
915 2815 1064 2898 aduerso

33 2931 356 3036 protendebantur,
375 2926 754 3030 amplificabanturque
761 2952 773 3021 3
786 2926 965 3006 sacrorum
976 2928 1070 3030 prasi¹

33 3047 128 3127 soles
148 3043 457 3122 constituebantur
477 3040 630 3143 ubique,
661 3041 697 3116 in
727 3043 842 3141 iisque
865 3040 960 3118 lacer
976 3036 1067 3120 con,

34 3157 140 3238 sellus
162 3154 322 3233 uuordo
343 3150 581 3230 hierarchicus
600 3164 731 3231 mutuo
751 3155 845 3229 inter
863 3150 898 3229 se
919 3156 1069 3236 vinculo

35 3286 74 3350 et
102 3267 397 3348 subordinatione
431 3263 621 3364 colligatus
652 3281 723 3341 tam
762 3262 964 3363 fingillatim
1002 3290 1070 3368 pet

36 3380 229 3479 ecclesias,
273 3400 380 3479 quam
410 3383 516 3453 etiam
545 3374 737 3455 universus
755 3397 820 3477 per
853 3378 981 3455 orbem
1011 3404 1071 3457 ca-

37 3497 251 3575 tholicum:
315 3491 375 3568 ubi
416 3490 528 3567 statim
570 3492 727 3593 primurn
773 3491 865 3567 inter
907 3491 1070 3570 auaores

38 3602 261 3709 apostolicos
298 3602 332 3681 S.
355 3600 580 3680 Clementem
611 3599 818 3682 Romanum
845 3600 929 3681 aD.
959 3601 1070 3681 Panlo

38 3718 335 3801 commendatum
356 3715 529 3794 habemus
547 3711 643 3793 Phil
667 3710 732 3796 IV.
758 3734 795 3808 s.
823 3737 910 3794 curn
935 3710 1071 3791 caeteris

870 3891 1021 3973 coadiu-
