2400 4478
202 251 352 328 regnum
384 223 487 316 Crilli
514 230 554 310 in
582 231 699 307 terris
731 251 759 311 c.
784 181 947 322 XXIX.⁸
1003 256 1078 328 25¹

61 453 77 489 ,
108 392 164 470 illa
200 392 449 470 intersedione
482 393 575 487 regis
603 394 764 479 orbata,
808 393 883 472 haec
909 395 1085 474 incolumi

61 564 80 601 „
108 510 326 607 imperatore
351 504 467 579 secura
495 503 562 588 est,
594 520 630 578 et
647 505 718 583 hoc
735 506 865 604 quare?
895 507 1085 601 Quoniam

61 676 80 713 „
109 619 157 696 ibi
176 621 211 692 in
231 641 315 714 rege
333 614 520 694 libidinum
539 617 727 712 turpitudo
742 622 884 716 punita,
917 621 975 697 hic
994 620 1089 697 chri·

61 788 83 823 „
112 732 226 806 stianae
247 728 430 826 religionis
459 726 756 803 continentissima
777 734 921 829 aequitas
944 735 978 807 in
1002 755 1089 831 rege

63 899 85 935 „
115 843 242 917 servata
276 842 350 916 est:
407 841 455 915 ibi
484 836 618 937 absque
650 839 834 939 religionis
869 842 1087 931 reverentia,

61 1007 82 1047 „
109 954 314 1029 aviditatem
351 951 543 1049 voluptatis
575 948 713 1028 licentia
755 951 887 1031 furoris
913 955 1085 1056 implevit:

61 1122 82 1159 „
112 1067 173 1141 hic
197 1082 231 1141 et
258 1065 434 1143 christiani
457 1063 576 1147 fuere,
609 1067 671 1162 qui
699 1079 904 1165 parcerent,
936 1081 971 1142 et
997 1067 1091 1145 chri,

61 1233 81 1271 „
114 1168 235 1262 stiani,
268 1178 396 1276 quibus
418 1187 624 1274 parcerent,
670 1191 706 1252 et
732 1177 909 1253 christiani
939 1194 1091 1279 propter

61 1343 79 1383 ,,
112 1313 272 1389 quorum
308 1291 545 1376 memoriam,
596 1301 631 1362 et
662 1290 697 1362 in
727 1312 885 1387 quorum
917 1295 1090 1369 memoria

61 1459 78 1492 ,,
113 1422 326 1499 parceretur.
387 1398 623 1500 Quapropter
640 1397 797 1476 desrnant
814 1399 1026 1500 religionem
1048 1402 1097 1480 la·
1157 1466 1161 1481 .

61 1572 78 1608 ,,
112 1536 255 1597 cerare,
299 1527 334 1586 et
369 1509 530 1588 lacessere
563 1512 769 1610 patientiam
803 1509 895 1589 Dei:
943 1529 1092 1616 propter
1182 1562 1186 1585 .

61 1683 77 1719 ,,
114 1623 411 1722 quamhabent,
444 1625 495 1698 uti
529 1637 564 1697 et
597 1620 843 1724 hocquoque
870 1627 1091 1723 impunitum

61 1796 78 1830 g
112 1735 288 1821 habeant,
320 1731 344 1810 sr
371 1735 562 1834 aliquando
580 1732 743 1810 desrstant
759 1790 791 1827 „.
852 1735 945 1812 infra
964 1737 1002 1826 u)
1017 1763 1093 1816 rem

61 1851 157 1924 idem
190 1843 341 1925 Orosius
387 1849 696 1945 aperteomnioo
734 1848 784 1923 ob
830 1849 959 1938 oculos
986 1854 1094 1949 ponit

61 1959 238 2058 exemplo
256 1955 438 2056 Radegaisr
458 1961 551 2056 regis
570 1958 780 2035 Gothorum
802 1963 929 2058 pagani
951 1976 987 2037 et
1008 1962 1096 2062 Scy·

61 2073 155 2150 thae:
186 2128 207 2162 ‚‚
228 2068 328 2162 Qui,
366 2087 405 2146 ut
434 2077 513 2145 mos
529 2070 577 2183 eil
596 2070 749 2146 barbaris
781 2070 989 2149 huiusmodi
1005 2097 1096 2172 gen-

61 2242 79 2278 „
113 2185 239 2265 tibus,
272 2205 419 2257 omnem
454 2178 608 2258 Romani
626 2186 770 2279 generis
787 2182 997 2282 sanguinem
1027 2185 1094 2262 diis

61 2351 77 2390 ‚,
114 2295 184 2371 suis
211 2296 403 2393 propinare
427 2292 631 2369 devoverat.
690 2291 776 2371 Hoc
793 2298 902 2393 igitur
919 2294 1093 2374 Romanis

61 2466 76 2502 ,,
112 2408 254 2482 arcibus
274 2404 512 2492 imminente,
543 2404 582 2480 fit
605 2410 770 2482 omnium
802 2431 1026 2508 paganorum
1055 2413 1094 2486 in

61 2579 80 2615 ,,
117 2518 207 2594 urbe
247 2518 465 2603 concursus,
490 2515 649 2592 ¹hostem
683 2513 815 2605 adesse,
860 2543 942 2596 cum
972 2523 1097 2619 utique

61 2690 78 2726 ‚,
113 2633 246 2705 virium
276 2632 404 2728 copia,
452 2641 530 2709 tum
563 2626 719 2728 maxime
751 2627 913 2728 prasidio
943 2631 1096 2708 deorum

61 2802 78 2838 ,,
111 2754 324 2842 potentem:
371 2740 496 2817 urbem
533 2753 651 2816 autem
687 2741 769 2817 ideo
806 2742 1027 2827 destitutam,
1059 2756 1096 2820 et

61 2915 78 2950 g
114 2868 255 2931 mature
280 2854 495 2951 perituram,
527 2855 608 2951 quia
631 2851 723 2928 deos
751 2865 787 2928 et
816 2853 906 2929 sacra
933 2855 1098 2954 perdide-

61 3026 79 3063 „
114 2969 173 3041 rit.
233 2963 379 3063 Magnis
401 2963 558 3062 querelis
587 2964 720 3064 ubique
747 2966 888 3062 agitur,
919 2980 954 3043 et
982 2970 1100 3044 conti·

61 3138 80 3174 ‚,
116 3088 195 3155 nuo
223 3077 267 3152 de
295 3077 496 3173 repetendis
527 3076 629 3152 sacris
664 3074 955 3178 celebrandisque
977 3080 1101 3157 trasla-

61 3250 81 3287 ‚,
117 3204 188 3267 tur.
248 3186 402 3265 Fervent
428 3201 503 3264 tota
524 3189 612 3264 urbe
632 3187 879 3288 blasphemiae,
901 3189 1013 3289 vulgo
1034 3215 1101 3270 no-

61 3362 86 3398 ,,,
116 3324 204 3377 men
244 3299 375 3378 Christi
410 3313 592 3399 tamquam
624 3300 700 3376 lues
729 3300 844 3402 aliqua
874 3301 1099 3402 praesentium
1136 3376 1141 3384 .

61 3413 82 3511 ,ζ
114 3428 329 3511 temporum
360 3413 568 3512 opprobriis
592 3427 770 3509 gravatur.
830 3411 953 3512 ltaque
978 3415 1102 3492 ineffa-

61 3584 82 3623 ,,
117 3524 180 3602 bili
202 3525 336 3600 iudicio
358 3521 428 3600 Dei
447 3523 575 3628 salium
598 3524 666 3610 est,
697 3526 749 3600 uti
770 3529 942 3624 quoniam
967 3530 1105 3626 in·per-'

61 3696 84 3734 ,‚
118 3640 239 3714 mixto
265 3637 407 3736 populo
429 3635 492 3734 piis
514 3637 647 3732 gratia,
678 3637 795 3734 impiis
809 3662 930 3738 poena
952 3638 1102 3713 debeba-

61 3807 84 3847 „
119 3767 203 3835 tur,
234 3751 497 3847 oportebatque
521 3748 680 3847 permitti
702 3748 837 3835 hostes,
867 3753 930 3848 qui
949 3748 1104 3822 insuadi-

61 3919 87 3961 „
119 3860 230 3939 bilem
249 3863 286 3934 in
306 3859 496 3960 plurimis,
539 3873 575 3936 et
596 3859 904 3939 contradicentem
923 3862 1102 3935 civitatem

804 4041 806 4045 Α
900 4023 924 4062 „
953 3969 1049 4057 seve·
1086 4009 1090 4016 ·

111 4072 224 4160 o)·lib.
250 4073 312 4140 vlt.
335 4095 359 4141 c.
388 4092 434 4156 37.
