2400 4478
203 164 351 318 regnum
384 217 511 309 cariat
532 221 570 294 in
595 220 715 297 territ-
729 242 755 296 r.
782 216 966 300 XXVIII.
1025 232 1128 323 245'

82 378 166 460 Leo
187 376 222 458 P.
246 405 352 482 quam
378 382 468 458 Aetii
488 386 598 458 virtus
625 382 776 467 bellica,
808 387 891 483 qni,
924 400 1111 464 utcontra

83 493 244 572 Francos
262 498 419 592 primum
443 493 589 571 feliciter
609 495 819 580 decertavit,
852 499 898 572 ita
922 501 1026 573 etism
1051 497 1111 573 te.

83 606 187 702 tilam
214 608 249 680 in
271 604 383 684 Gallia
409 606 529 702 praeiio
553 607 706 697 vicerat3
737 607 793 681 sed
818 632 965 709 quoque
989 610 1112 686 Aetius¹

84 717 171 804 hic,
204 731 243 794 ut
278 717 340 794 sub
367 715 538 792 Honorio
563 716 718 805 stilico,
759 709 963 796 invidorum
993 719 1113 797 simul·

88 842 158 905 tate
173 832 250 904 neci
273 830 375 905 datus
392 831 440 904 est
465 855 482 903 a
499 828 752 904 Valentiniano
779 833 920 906 iuniore
939 857 948 904 :
979 837 1041 932 qui
1059 835 1113 929 ip.

85 939 121 1016 se
154 963 302 1040 quoque
342 941 535 1015 violentam
575 935 731 1028 mortem
759 941 863 1018 subiit
897 945 1108 1040 apatrici0,

81 1051 200 1137 dum,
229 1056 370 1129 interim
401 1050 567 1129 Maximo
584 1054 787 1139 trucidato,
819 1056 950 1128 iterum
979 1055 1012 1131 S.
1032 1052 1109 1133 Leo

82 1162 295 1248 intercessit,
329 1189 374 1240 ne
405 1163 635 1241 aGenserico
668 1163 784 1240 Roma·
808 1165 924 1262 praeda
954 1168 1110 1244 miiitum

79 1273 211 1360 fieret,
250 1277 417 1373 paulatim
448 1278 662 1352 concidente
683 1276 893 1350 occidentali
929 1280 1107 1374 imperita,

80 1411 127 1462 ac
155 1387 300 1462 demum
324 1393 359 1463 in
384 1387 584 1486 Augustulo
602 1388 784 1470 extintio,
816 1387 1001 1464 deiiciente
1021 1413 1109 1465 eun·

37 1522 39 1529 ·
80 1499 170 1572 dem
205 1497 292 1574 solio
316 1497 486 1576 Odoacre
518 1495 739 1573 Herulorum
758 1521 865 1594 rege,
903 1523 995 1598 quos
1013 1522 1108 1577 vvero

80 1593 342 1685 Theodortc'us
370 1608 579 1686 Gothorum
608 1633 670 1684 rex
700 1607 1108 1711 Romanrevtexpunt,

81 1743 315 1819 regnumque
339 1719 500 1796 Italicum
528 1722 722 1801 constituit.
781 1721 856 1806 Sic,
890 1719 937 1796 ait
962 1723 1111 1799 lornan-

84 1831 147 1907 des
176 1830 320 1908 Gothus
350 1829 409 1907 ut.
438 1832 478 1907 de
502 1854 599 1927 regn.
629 1830 767 1930 sueceff
818 1890 839 1924 „
870 1831 1108 1933 Hesperidum

81 1998 106 2036 ,‚
139 1967 293 2039 regnum
317 1941 543 2042 Romanique
570 1944 697 2042 popuii
730 1936 975 2043 principatus,
1007 1945 1109 2044 quod

84 2110 109 2147 „
139 2051 316 2132 DcCtX.
334 2052 381 2130 V.
403 2054 445 2132 C.
466 2079 563 2130 anno
585 2059 721 2154 primus
739 2058 980 2154 Augustorum
1001 2055 1109 2134 Otta-

54 2218 56 2220 -
80 2221 105 2259 „
137 2168 259 2240 viantis
283 2165 463 2263 Augustus
483 2179 602 2242 tenere
622 2169 759 2264 coepit,
791 2192 873 2244 cnm
893 2168 964 2244 hoc
986 2167 1109 2266 Augu-

81 2333 107 2371 ‚,
129 2277 228 2351 ‘stuLo
262 2281 390 2375 periit3
431 2277 640 2354 Gothorum
669 2280 751 2354 dein
786 2281 928 2377 regibus
952 2276 1108 2356 Romam
1141 2305 1142 2312 ¹

80 2445 105 2481 ‚‚
138 2391 389 2480 tenentibus,
449 2387 633 2468 Orientale
670 2394 860 2489 imperium
896 2390 959 2467 iub
985 2389 1109 2466 Theo·

81 2499 189 2576 doho
211 2502 352 2575 iuniore
375 2499 504 2576 Attitae·
527 2503 790 2587 tributarium,
832 2503 894 2578 sub
924 2501 1109 2576 Marciano

82 2609 283 2710 respiratis,
306 2611 416 2688 visum
444 2612 501 2687 est.
562 2611 642 2687 Post
664 2637 745 2689 eum
764 2610 840 2689 Leo
857 2612 979 2688 Thrax
997 2615 1109 2708 impe-

82 2727 181 2799 rium
216 2746 329 2821 opera·
364 2723 498 2823 Aiparis
535 2725 636 2798 iurati
673 2725 790 2800 Ariani
821 2724 1006 2808 obtinuit,
1047 2723 1109 2821 qni

81 2858 170 2911 cum
201 2832 361 2910 Leonem
395 2836 514 2934 postea
546 2858 620 2909 non
640 2835 683 2910 ad
707 2853 790 2909 vora
814 2834 978 2918 haberet,
1009 2831 1109 2908 Van-

84 2946 187 3023 dalus
206 2947 408 3022 advocavit:
454 2946 613 3044 dumque
638 2947 732 3043 apud
769 2946 947 3044 populum
967 2945 1015 3020 ob
1039 2944 1129 3045 hae-r

82 3055 188 3134 resim
222 3062 349 3134 exosus
382 3054 489 3144 effet,
542 3047 798 3132 concurrentes
829 3061 935 3131 etiam
969 3079 1012 3132 ex
1041 3055 1108 3133 suis

82 3173 214 3245 eremis
245 3168 413 3245 monachi
437 3173 690 3267 Imperatorem
727 3169 937 3268 adiurarunt
964 3191 1038 3266 pro·
1068 3165 1109 3243 h-

85 3279 134 3356 de
151 3280 313 3357 adversus
334 3281 497 3380 Asparem
525 3281 692 3357 Arianum
715 3336 725 3366 ,
757 3303 863 3378 quem
890 3280 1034 3378 eiusque
1061 3279 1110 3355 f·

82 3393 219 3466 miliam
248 3391 356 3469 Zeno
395 3392 542 3468 occulto
570 3389 702 3468 Leonis
730 3389 919 3467 iuiiu‘cum
944 3389 1112 3467 trucidas·

81 3503 164 3589 set,
198 3506 232 3578 in
254 3506 438 3604 praentium
469 3505 657 3580 Ariadnem
690 3501 821 3580 Leonis
844 3501 948 3578 hliam
978 3507 1014 3577 in
1039 3524 1115 3576 ma·-

82 3619 301 3692 trimonium
329 3618 465 3713 accepit
483 3631 517 3688 et
537 3617 655 3712 postea
685 3616 900 3713 imperium,
933 3631 974 3688 ut
991 3627 1110 3687 tamen

82 3727 174 3804 teste
192 3725 367 3826 Prospero
390 3728 426 3799 in
446 3725 571 3802 chron.
632 3723 785 3823 infanda
807 3728 1021 3799 Arimrorum
1043 3721 1110 3794 ha-

81 3837 189 3928 rests,
230 3837 357 3935 quase
382 3837 581 3931 nationibus
607 3836 770 3913 herbarii
801 3833 978 3931 miscuit,
995 3830 1113 3904 rotho.

82 3945 160 4029 lica
206 3971 330 4027 nornen
359 3947 447 4046 fidei
483 3961 557 4026 toto
595 3948 677 4024 urhe
716 3943 842 4044 dhffusae
878 3938 1110 4041 presumeret.

591 4061 680 4154 Q3
879 4081 882 4089 ·
963 4050 1058 4128 Hinc
1088 4156 1090 4161 ,
