2400 4478
122 245 208 322 uto
476 215 618 320 &osefis
640 218 802 303 militent
865 162 868 169 Δ
1026 260 1034 287 ·

123 390 201 496 peti
238 382 390 489 potuisse
424 381 658 463 vehementer
678 381 812 465 ineeilit
847 383 886 462 in
916 381 994 463 bac
1020 382 1152 463 serbat·

123 556 150 601 „
178 499 236 583 Te
259 503 477 599 imperatore
499 496 575 578 hoc
600 501 752 599 petitm,
772 550 774 554 .
795 512 831 575 et
858 495 1085 596 postulatur,
1115 511 1153 575 nt

125 667 152 713 „
180 635 275 694 arans
299 609 420 687 iubeas
441 607 598 695 almari,
629 607 785 687 sumtum
804 605 976 687 sacrificiis
995 606 1153 708 profanis

124 780 151 825 „
179 720 279 799 darii
314 717 385 799 Sed
398 719 474 799 boc
490 743 566 800 nors
582 720 697 821 poteil
708 718 779 799 stne
790 718 974 819 sacrilegio
990 721 1153 799 decerni:

124 888 151 935 ,,
178 833 277 911 unde
299 847 472 932 rogote,
502 854 549 909 ne
579 828 616 911 id
636 831 827 921 decernes,
855 832 1003 917 statuas,
1035 830 1095 909 sel
1117 834 1150 910 in

126 1000 152 1047 „
179 945 359 1028 musmodi
388 943 530 1024 decreta
561 941 765 1025 subscribas.
822 942 1020 1021 Conversio
1048 940 1147 1026 fidens

77 1127 80 1135 .
123 1112 149 1160 2,
177 1072 297 1148 tuam,
325 1054 461 1137 Christi
492 1053 669 1135 sacerdos:
714 1078 843 1133 ornnes
877 1055 1150 1133 conveniremus

123 1225 150 1269 o
179 1168 357 1270 episcopi,
389 1163 452 1244 uili
474 1165 680 1247 incredibile
707 1166 779 1249 hoc
801 1182 837 1245 et
854 1170 1089 1266 repentinum
1110 1166 1149 1246 ad

125 1337 150 1381 „
179 1305 281 1362 aures
309 1275 519 1380 pervenisset
549 1275 766 1364 hominum,
802 1280 904 1378 quod
923 1278 995 1354 tale
1020 1279 1147 1383 aliquid

123 1448 149 1493 ,,
178 1388 263 1475 elset
275 1391 332 1471 sel
346 1395 381 1471 in
393 1389 603 1471 consitorio
622 1388 824 1490 suggestum
840 1406 921 1477 tuo,
936 1388 992 1467 vei
1008 1391 1148 1470 alenasu

124 1559 149 1605 ,,
178 1507 342 1604 petitum.
386 1501 455 1584 Sed
481 1500 589 1590 absit„
615 1515 655 1581 ut
670 1500 743 1582 hoc
762 1501 898 1582 senatus
914 1500 1148 1602 petiissedics·

123 1667 163 1713 ,ι
178 1632 256 1694 tur:
286 1616 391 1718 pauci
404 1613 557 1712 gentiles
578 1614 767 1691 communi
784 1627 934 1692 utuntur
955 1618 1113 1692 nomine.
1126 1668 1146 1706 ,

122 1723 171 1812 Et
190 1749 280 1809 mox
302 1724 440 1807 causam
455 1721 641 1824 religionis
653 1720 731 1805 'elle
744 1725 983 1825 protestatur,
1005 1729 1147 1826 impera·
1190 1800 1192 1817 2

121 1852 242 1920 torem
268 1837 301 1918 se
335 1852 507 1935 tanquam
542 1834 752 1937 episcopum
782 1840 1002 1939 convenire,
1038 1836 1145 1914 addit:
1190 1902 1192 1919 ἱ

120 2004 146 2050 „
175 1948 302 2036 Certe,
333 1945 665 2034 baliudstatuitur.
695 1946 853 2049 episcopi
869 1946 942 2028 hoc
956 1949 1145 2050 aequoani·
1190 1934 1192 2011 l

122 2116 149 2157 ‚‚
174 2060 326 2162 nso'pati
345 2072 380 2139 et
396 2054 608 2138 diffimulare
630 2053 704 2136 non
722 2057 928 2158 possumus:
957 2058 1081 2139 licebit
1091 2060 1148 2139 tibi

121 2227 148 2272 ,,
176 2173 220 2253 ad
253 2167 437 2251 cretenau
457 2172 676 2264 convenire3
705 2169 765 2250 sed
791 2170 864 2248 iilic
895 2173 1148 2250 non-invenies

121 2338 148 2383 ,,
177 2281 415 2367 sacerdotem,
445 2296 505 2358 aut
522 2282 681 2359 invenies
702 2272 928 2362 resistentem.
977 2281 1146 2380 Qsidre·

120 2447 147 2492 ,,
175 2393 365 2494 spondebis
391 2391 563 2474 sacerdoti
577 2392 707 2470 dicenti
722 2395 808 2471 tibi:
839 2411 1147 2473 muneratuanon

121 2559 146 2605 „
175 2508 301 2607 quaerit
320 2501 493 2591 Ecclefia,
523 2508 606 2603 quia
628 2503 760 2604 templa
782 2505 973 2603 gentilium
996 2507 1149 2584 muneri-

115 2671 145 2716 „
166 2620 231 2703 bus
263 2613 464 2711 adornastis
513 2615 581 2694 Ara
620 2614 751 2694 Christi
771 2615 867 2695 dona
897 2632 959 2696 tua
999 2617 1146 2715 respuit,

119 2785 146 2828 „
174 2732 347 2831 quoniam
367 2749 464 2823 aram
491 2725 686 2806 simulacris
705 2727 851 2806 vestisti:
881 2750 954 2804 soar
975 2732 1075 2806 enirn
1096 2735 1148 2809 'tus

118 2893 146 2939 θ,
175 2866 301 2919 manus
323 2856 403 2919 tua:
432 2852 468 2917 et
492 2837 701 2939 subscriptio
719 2854 798 2924 tua,
836 2861 932 2939 opus
959 2839 1012 2920 est
1038 2843 1146 2919 'tuum

121 3007 147 3052 „
176 2951 400 3053 Obsequium
420 2968 522 3028 tuum
537 2948 723 3029 Dominus
745 2949 838 3028 lesus
858 2949 1016 3038 recusat,
1047 2967 1085 3032 et
1102 2975 1148 3028 re·

119 3118 145 3159 „
175 3063 292 3162 spuit,
321 3063 494 3164 quoniam
519 3060 623 3141 idolis
637 3061 827 3142 obsecutus
841 3087 902 3147 er,
933 3061 1033 3141 dixit
1055 3067 1146 3141 enirn

115 3227 142 3273 υ
170 3177 267 3256 tibi:
330 3196 400 3255 uon
447 3169 583 3275 poteslis
628 3171 758 3254 duobus
809 3174 961 3250 dominis
994 3173 1145 3269 servits.

121 3339 146 3383 „
175 3283 363 3384 Piivilegia
377 3301 438 3366 tua
455 3283 592 3383 sacrate
611 3283 695 3363 Deo
713 3287 868 3386 virgines
899 3308 977 3364 non
996 3285 1144 3372 babent,

122 3451 146 3498 „
174 3417 210 3472 et
228 3397 410 3480 vindicant
428 3398 585 3494 virgines
607 3394 733 3505 Yestae.
764 3397 843 3478 Cur
860 3396 1062 3477 sacerdotes
1082 3397 1146 3483 Dei

47 3607 50 3615 .
123 3563 148 3607 „
177 3509 346 3609 requiris,
391 3507 522 3622 quibus
545 3508 737 3607 petitiones
768 3507 935 3610 prosanas
957 3511 1147 3608 gentilium

122 3617 1149 3839 elisii,liiiiinlisisinlisis

116 3866 288 3949 proxime
304 3843 367 3923 sub
389 3841 529 3927 lulisno
560 3845 792 3931 acciderunt,
826 3842 1015 3940 „Petunt
1046 3849 1148 3925 etiam

120 4006 144 4051 „
171 3952 365 4060 (inquit.)
379 3970 419 4036 ut
431 3945 498 4043 illis
517 3955 701 4056 privilegis
722 3954 878 4044 deferas,
893 3960 958 4065 qui
975 3956 1146 4067 loquendi

256 4082 261 4092 ·
1014 4127 1041 4169 ,‚
1061 4085 1100 4152 et
