2400 4478
130 204 217 275 aro
394 288 398 295 .
485 174 628 277 Eroufio
652 175 816 261 militans

131 408 154 451 „
183 346 318 431 Christi
346 342 521 422 nomine?
563 342 641 422 Nisi
663 344 759 420 forte
793 334 884 422 illud
919 358 1077 422 movere
1110 366 1169 427 mu

131 520 156 566 „
184 464 314 548 debet,
343 456 445 557 quod
473 455 595 533 aiunt:
624 479 716 555 ergo
741 480 818 534 nou
837 455 944 533 debet
968 460 1169 554 imperator

133 632 158 672 ,‚
187 597 297 654 unam
330 568 504 647 bessiicam
532 571 712 668 recipere,
761 560 807 645 ad
832 591 941 669 quam
965 573 1169 667 procedat:

133 702 223 785 „er
244 684 326 786 plus
349 681 426 759 vult
447 677 655 763 Ambroiius
679 678 797 782 poste,
828 700 936 780 quam
956 682 1169 780 imperator,

130 852 155 894 „
185 812 230 875 ut
260 797 471 896 imperatori
499 792 705 895 prodeundi
740 790 947 871 facultatem
984 795 1130 893 negati
1147 850 1169 893 „

132 909 182 995 Ar
206 910 310 986 mitio
334 906 448 983 statim
472 904 647 982 sermonis
668 902 824 983 declarat
832 902 984 992 athleta,
1005 905 1167 985 deteren-

132 1022 187 1100 dae
221 1017 374 1098 ecctefiae
409 1018 474 1096 [rbi
504 1015 734 1094 voluntatem
765 1004 900 1095 subesse
929 1036 1010 1093 nou
1048 1017 1165 1119 posse:

131 1136 240 1231 quio,
282 1127 400 1218 aito)
429 1124 507 1228 ptos
539 1126 735 1205 Dominum
765 1126 891 1205 mundi
922 1150 1033 1224 quum
1052 1128 1164 1229 seculi

129 1246 236 1327 huius
255 1244 506 1341 imperatorem
531 1240 707 1317 timetur.
760 1239 819 1318 Sic
842 1238 950 1318 etiarn
973 1242 1054 1320 vasa
1076 1242 1164 1324 sacra

127 1360 269 1441 tradere
291 1356 417 1434 eadem
437 1352 594 1433 decania
612 1353 723 1453 paulo
745 1352 827 1453 post
852 1351 1050 1445 decredat.
1078 1378 1164 1435 con.

128 1473 274 1553 testatur
299 1464 338 1559 h)
362 1467 397 1544 se
427 1467 600 1568 „templo
622 1463 694 1543 Dei
713 1465 803 1541 nihil
830 1460 929 1563 poffe
952 1464 1162 1569 decerpere.

129 1642 154 1683 ‚,
183 1607 252 1661 nec
272 1581 412 1659 tradere
435 1578 524 1658 iilud
548 1575 650 1680 quod
671 1571 972 1666 custodiendum,
996 1603 1076 1657 non
1094 1594 1161 1658 tra·

128 1754 153 1796 ,‚
181 1689 342 1773 dendum
357 1693 567 1791 acceperim.
627 1686 772 1768 Deinde
788 1685 952 1787 (addit)
977 1691 1162 1772 consulere

126 1866 150 1906 „
182 1830 241 1884 me
272 1806 380 1881 etiam
416 1806 646 1903 imperatoris
675 1801 802 1890 saluti,
863 1804 947 1901 quia
980 1827 1050 1882 nec
1077 1806 1159 1883 mihi

125 1977 150 2022 ,‚
179 1915 367 2017 expediret
393 1914 554 2000 tradere,
601 1936 669 1992 nec
703 1913 752 1991 illi
787 1915 967 2015 accipere:
1013 1921 1159 2019 accipiat

125 2089 150 2129 „
178 2033 276 2107 enim
305 2051 436 2105 vocem
462 2024 565 2103 liberi
590 2025 806 2113 sacerdotia.
839 2022 863 2101 fi
891 2024 969 2104 vult
998 2026 1064 2107 fibi
1096 2027 1159 2109 effe

125 2201 149 2241 „
178 2138 402 2228 consultum,
433 2138 575 2217 recedat
598 2162 617 2215 a
639 2135 770 2217 Christi
790 2138 930 2215 iniuria.
977 2137 1070 2229 Haec
1089 2142 1160 2245 ple.

124 2313 148 2352 „
178 2279 222 2332 na
254 2251 463 2331 humilitatis
499 2250 611 2340 sunt,
655 2266 693 2327 et
726 2263 768 2328 ut
796 2253 951 2329 arbitror
978 2252 1085 2353 plena
1112 2255 1158 2331 at·

123 2425 148 2464 ‚,
176 2366 289 2444 fedius
327 2366 425 2451 eius,
471 2386 581 2464 quem
616 2363 827 2463 imperatori
856 2363 974 2441 debeo
986 2414 1022 2458 „.
1082 2366 1157 2447 Nec
1199 2420 1200 2425 a

122 2484 230 2560 etiam
256 2477 386 2557 adduci
412 2479 553 2575 potuit,
583 2489 625 2554 ut
651 2491 801 2553 vocatus
829 2472 937 2553 huius
964 2482 1015 2575 rei
1038 2480 1154 2575 causa,

120 2592 293 2697 palatium
336 2590 541 2677 accederet,
595 2644 618 2681 „
649 2586 798 2664 Utinam
834 2584 1014 2686 (aiebat)
1053 2590 1154 2671 effem

118 2763 142 2800 „
173 2707 334 2790 securus,
374 2700 475 2803 quod
499 2698 639 2778 eccleiia
665 2700 837 2777 haereticis
865 2702 1020 2779 minime
1044 2706 1155 2783 trade·

118 2875 141 2913 „
171 2835 291 2904 retur,
320 2813 366 2892 ad
396 2812 564 2916 palatium
599 2815 826 2912 imperatoris
855 2813 946 2889 irem
980 2815 1150 2906 libenter,

118 2985 141 3024 „
166 2927 191 3004 fi
216 2929 288 3006 hoc
316 2941 537 3026 congrueret
561 2923 752 3003 sacerdotis
778 2918 922 3012 officio,
960 2941 1001 3004 ut
1029 2932 1069 3007 in
1094 2954 1150 3031 pa·

118 3097 141 3135 „
170 3039 259 3119 latio
287 3042 402 3137 magis
428 3057 624 3125 certarem,
669 3060 777 3138 quam
800 3037 836 3111 in
868 3037 1025 3116 ecciefia.
1086 3040 1150 3120 Sed

116 3207 140 3248 ‚,
169 3155 205 3229 in
235 3149 449 3230 couflstorio
478 3172 661 3227 non-reus
688 3147 777 3225 solet
798 3148 960 3228 Christus
982 3150 1075 3243 effe,
1095 3147 1149 3232 sed

115 3322 140 3360 „
163 3264 284 3357 iudex.
345 3260 495 3342 Causam
520 3259 601 3338 fidei
624 3264 662 3338 in
693 3258 838 3339 ecclelia
864 3264 1047 3360 agendam
1076 3268 1148 3368 quir

114 3433 139 3472 „
166 3373 361 3468 abnuati„
420 3372 460 3451 in
480 3372 624 3474 epistola
650 3373 695 3451 de
716 3372 781 3450 hac
808 3398 845 3450 re
872 3375 917 3450 ad
938 3378 1059 3475 ipsum
1082 3377 1148 3459 Va·

115 3490 352 3568 lentinianum
379 3500 556 3586 provocat
578 3486 621 3562 ad
643 3486 715 3563 hoc
739 3485 924 3564 Auxentio
950 3491 1081 3570 datum
1101 3516 1148 3570 re·

115 3599 284 3705 sponsum
299 3656 310 3685 ‚
325 3594 500 3697 ssmulque
512 3595 769 3675 Valentiniano
789 3598 874 3675 huic
895 3601 1038 3680 iuniori
1049 3621 1146 3683 reto·

113 3730 170 3793 cat
202 3715 240 3789 in
270 3714 481 3789 memoriam
514 3709 724 3810 responsum
760 3711 861 3812 quod
892 3732 1025 3811 parens
1061 3718 1145 3796 illico

111 3824 386 3907 Valentinianus
415 3823 531 3901 senior
563 3825 658 3924 (qui
674 3826 781 3899 etiam
805 3820 1009 3903 Mediolani
1028 3832 1144 3908 omnia

997 3956 1096 4023 tem*

151 4039 772 4127 ooanuouaonur
