2400 4478
114 216 142 301 8
298 162 302 171 Ι
344 176 365 305 ⁸,
409 280 412 284 ,
465 194 609 294 Ecclesia
637 197 796 278 rnilitum

115 393 188 451 nos
210 390 231 445 a
251 347 395 446 Christo
421 385 485 461 per
506 362 691 463 apostotos
718 366 756 437 in
782 361 871 439 orbe
898 375 1072 443 terrarum
1104 370 1156 445 ina

114 482 312 564 formatum
339 474 644 573 instauratumque
664 473 831 550 hactenus
859 475 1048 553 decurrere
1070 505 1155 579 prae·

116 593 206 672 senti
229 587 374 664 tractatu
386 585 607 660 ostendimus
618 603 747 662 contra
766 583 950 663 Chiliastas
967 586 1058 674 hos,
1093 593 1156 690 qni
1179 630 1182 637 =

117 719 160 783 ut
198 700 305 777 tudaei
336 694 495 772 Meffiam
526 696 691 772 hactenus
719 694 916 784 incaffutn,
957 703 1067 776 ita&
1094 702 1155 802 iph
1192 696 1197 703 ’

117 810 323 894 adhucdum
359 808 524 884 futurum
552 807 796 908 praestolantur
840 807 969 911 Meffiae
1000 834 1155 910 regnum

117 929 154 1005 in
181 926 294 998 terris.
353 917 490 1007 Vides,
522 919 714 1019 quomodo
736 918 769 994 se
794 933 962 1020 torqueat
988 929 1156 1023 antiquus

117 1036 289 1132 serpens,
335 1055 380 1107 ne
411 1055 525 1128 regno
561 1034 652 1118 ino,
695 1033 795 1130 quod
826 1035 860 1106 in
891 1055 1005 1130 genos
1034 1036 1158 1114 huma.

117 1171 207 1231 nutn
243 1142 443 1241 usurpavit,
474 1143 678 1226 deiiciatur,
726 1167 745 1218 a
775 1141 920 1220 Christo
946 1145 1076 1223 eiethus
1101 1149 1157 1225 fo.

118 1285 194 1347 ras,
238 1259 273 1333 dt
310 1256 440 1354 ligatus
471 1254 601 1329 satanas
630 1253 728 1328 mille
752 1257 878 1348 annis3
919 1270 1000 1332 toto
1025 1282 1156 1360 nempe

119 1371 185 1451 illo
211 1385 400 1466 ternpore,
432 1389 507 1465 quo
524 1365 685 1442 Christus
713 1365 780 1441 sese
805 1367 915 1467 usque
933 1368 1155 1448 adconium-

121 1488 322 1562 mationem
347 1477 453 1554 secuti
473 1477 636 1554 futurum
661 1475 822 1575 prornisrt
854 1503 938 1555 cunt
969 1481 1158 1584 tutsapm

121 1596 241 1682 stolis,
272 1589 417 1692 quando
458 1589 538 1665 iilos
571 1587 662 1663 milit
686 1592 722 1664 in
753 1594 954 1666 univeriunr
976 1596 1157 1678 mundum

120 1708 167 1786 ad
208 1702 475 1804 predicandum
502 1698 765 1798 Evangeliumt
804 1698 1062 1798 Euangelium,
1102 1712 1158 1784 in-

121 1841 253 1920 quam,
283 1815 406 1907 regni,
437 1813 536 1910 quod
567 1814 617 1888 est
647 1809 788 1888 ecclesia
823 1815 978 1893 militans
1002 1842 1157 1918 regnum

121 1929 278 2013 Christi.
311 1927 348 2002 ἃ
368 1922 567 2002 sanctorum
596 1945 680 2000 cum
705 1923 849 2002 Christo
871 1929 983 2028 Apoc.
999 1927 1092 2010 XX.
1120 1943 1164 2019 6.,

122 2040 300 2121 interris.
780 2033 784 2039 ’

206 2203 359 2282 Silentio
394 2198 550 2302 denique
579 2211 752 2302 pretereo
795 2198 994 2278 norissinras
1028 2201 1161 2279 erote.

121 2319 288 2404 stantium
319 2317 364 2391 de
400 2315 521 2391 divina
546 2314 726 2390 authentia
759 2313 906 2412 Apocat.
947 2313 1160 2391 &loannis

122 2431 439 2508 concertationes:
468 2428 529 2504 ubi
559 2426 634 2502 haec
660 2425 806 2503 subinde
835 2431 940 2501 etiarn
973 2427 1161 2504 inducitur

121 2541 292 2643 quaeiii03
324 2541 361 2614 &
397 2538 542 2639 quidem
576 2539 687 2612 abiis
724 2558 892 2636 qnoque,
924 2539 985 2638 qui
1017 2537 1160 2613 insen.

123 2658 270 2732 tentiam
294 2653 495 2748 negativam
525 2650 783 2749 propendent:
811 2648 922 2724 veluti
952 2655 1163 2747 nuperrime

124 2766 310 2842 defunctus
360 2763 409 2840 lo.
439 2760 529 2838 Dav.
571 2759 758 2838 Michaelis
799 2757 856 2847 o)
885 2784 931 2836 ex
965 2761 1197 2841 collatione¹

123 2893 217 2976 capr¹
234 2887 293 2961 18.
322 2875 359 2950 dr
391 2894 449 2964 19.
474 2896 557 2951 com
587 2894 649 2947 20.
694 2872 841 2948 coniicit
867 2896 1022 2972 regnum
1048 2876 1162 2949 mille-

123 2988 489 3075 nariumiecuturum
527 2984 718 3083 Babylonis
747 2983 1011 3060 &Meretricis
1040 2990 1166 3061 interi«

123 3116 230 3185 tum,
259 3122 364 3198 qnam
392 3095 593 3173 Romanam
625 3093 813 3171 eceteram
837 3096 944 3184 facit,
975 3096 1035 3172 eth
1056 3098 1163 3174 fatea-

123 3227 213 3296 tur,
246 3213 281 3285 in
309 3207 510 3285 Meretricis
541 3209 688 3307 perinde
710 3231 750 3281 ac
776 3205 896 3284 Bestiae
925 3209 1165 3310 descriptione

123 3326 313 3421 vestigium
345 3320 491 3396 alicuius
524 3317 674 3395 ecclefiae
706 3317 799 3393 haud
823 3321 1062 3417 deprehendi,
1105 3322 1164 3399 ied

124 3460 224 3513 mere
259 3431 431 3531 gentilem
464 3433 642 3507 civitatem
683 3431 719 3504 ἃ
759 3454 911 3528 regnum
953 3433 1164 3529 praeieierre.

124 3548 189 3627 Uti
207 3570 293 3620 vero
314 3542 488 3618 novissitni
513 3542 686 3620 Chiiiastae
699 3546 733 3615 in
752 3542 930 3619 statuenda
950 3545 1089 3644 epocha
1105 3569 1169 3619 va-

123 3663 243 3746 riant,
285 3660 331 3734 ita
367 3658 475 3731 etiam
508 3658 545 3730 io
578 3656 763 3752 regiminis
790 3655 904 3731 modo
940 3681 981 3733 ac
1000 3681 1164 3754 genere.

1004 3770 1109 3869 quale

166 3963 209 4042 a>
230 3947 398 4036 Einieiturtg
417 3948 447 4016 in
468 3945 515 4017 die
532 3942 673 4031 ghttiiche
691 3944 837 4016 Schriften
859 3943 911 4016 ties
929 3945 1165 4023 neuennundes

197 4047 317 4118 '024o.
335 4063 363 4121 p.
383 4059 469 4118 1327.
485 4039 509 4117 §.
529 4056 597 4112 241.
613 4056 641 4116 p.
660 4053 757 4117 1330.

83 4166 145 4208 ιι...
