2400 4478
96 266 99 272 .
151 196 340 341 ‘'regnum
366 224 494 314 Christi
510 228 684 321 interris.
702 250 729 304 o.
749 224 936 305 XXXIX.
1009 248 1084 324 353

45 413 170 488 'egem
199 383 397 467 Galliarum
421 387 610 487 alioquin,
643 403 683 465 ut
716 379 952 471 Mabillonius
970 392 1086 470 adnoi

45 518 114 589 cat,
138 526 215 578 non
231 503 388 591 malum-3
413 499 470 574 sed
488 516 576 576 tunc
593 523 698 599 prava
713 499 977 576 consuetudine
994 496 1086 578 terna'

45 634 182 716 porum
197 613 371 713 proclive
393 611 472 687 *suit
500 614 536 686 in
569 619 725 710 praeceps
755 611 896 688 abducit
956 668 978 703 ‚,
1006 611 1086 693 Rex

45 783 66 819 >2
96 725 310 812 Ludovicus
330 728 399 818 (ut
416 748 453 822 p.
479 744 538 814 57.
570 720 716 809 scribit)
747 748 821 800 non
851 739 922 799 tam
946 723 1086 824 epit'cor
1137 809 1140 816 ³

45 894 64 931 ,,
88 863 190 937 pos,
222 861 330 939 quam
358 835 587 935 inepiscopis
614 836 752 914 iustitia
771 838 998 937 persequitur
1022 860 1085 925 zos

45 951 200 1044 ‚lum,
243 948 414 1034 cultum,
458 947 700 1046 habitumque
729 947 843 1046 ipsum
884 949 1083 1047 religionis.

46 1119 63 1156 ,
97 1061 215 1155 Quod
233 1060 353 1136 vestrae
374 1059 734 1160 quoqueprudeutia
756 1059 942 1137 sanititatis
962 1062 1014 1137 vel
1030 1077 1081 1140 ex
1121 1052 1130 1063 ”

45 1231 62 1267 ,
94 1198 141 1250 eo
161 1171 264 1278 facile
286 1172 469 1247 advertere
487 1171 627 1270 potest,
660 1170 759 1271 quod
780 1174 844 1270 qui
868 1185 949 1247 ante
964 1175 999 1247 in
1019 1173 1081 1252 hae·

48 1342 63 1378 ,
96 1285 173 1362 bitu
201 1281 351 1387 astuque
384 1282 530 1361 seculari
567 1282 737 1359 honorati
778 1281 859 1360 sunt
883 1283 1080 1376 sublimes,

44 1452 62 1489 ,
95 1397 237 1474 iudicati
271 1393 415 1481 fideles.
444 1394 558 1471 habiti
579 1394 790 1488 familiarem
806 1395 936 1478 modo
960 1399 1083 1474 inimiff·

45 1565 60 1600 2
91 1511 123 1585 ci
147 1507 228 1584 faur
256 1507 354 1592 sunt,
395 1505 506 1605 digne
541 1505 606 1594 suo
637 1505 837 1584 sacerdotio
866 1507 1080 1586 conversana

45 1675 60 1712 ,
92 1634 171 1707 tes,
207 1635 243 1696 et
272 1636 337 1717 per
364 1621 487 1693 omnia
518 1617 802 1696 honorificantes
843 1620 1080 1700 ministerium

45 1732 216 1825 ‚suum
269 1729 366 1808 Hinc
399 1731 567 1828 gravibus
607 1730 839 1809 contumeliis
876 1746 912 1808 et
941 1735 1080 1810 iniuriis

45 1901 60 1936 ,
92 1835 251 1943 episcopi
282 1839 475 1919 Parisrensrs
503 1845 712 1919 innocentia
734 1841 865 1942 pulsata
899 1841 974 1930 est,
1018 1844 1079 1922 sed

45 2013 60 2049 ,
93 1981 169 2032 nou
197 1951 370 2056 quassata:
399 1957 484 2053 quia
509 1952 695 2031 Dominus
712 1953 898 2054 supposuit
925 1971 1077 2035 manunt

45 2125 62 2161 ,
96 2069 215 2152 suam,
245 2067 395 2143 vestram
419 2066 601 2165 opposuit.
660 2053 757 2144 Hinc
787 2081 823 2143 et
841 2051 1078 2144 nuncdomi-
1144 2092 1146 2099 ·

45 2235 60 2274 ,
91 2185 127 2255 ni
150 2179 256 2255 huius
295 2177 511 2277 Sunonensis
542 2173 778 2255 constantiam
814 2191 1011 2257 concutere
1041 2190 1079 2258 et

45 2348 60 2386 ,
91 2290 295 2368 labesattare
325 2303 504 2394 'conaturi
553 2305 594 2368 ut
614 2288 901 2391 metropolitano
933 2288 1077 2392 (quod

45 2460 60 2498 ,
92 2401 209 2495 absit)
238 2398 394 2489 deiesto,
422 2401 523 2478 sacile
557 2419 666 2500 prout
692 2401 870 2490 voluerit,
901 2402 1077 2502 grassetur

45 2572 61 2608 ,
91 2519 127 2591 in
150 2515 403 2612 sustiagianeon
464 2504 650 2590 Postremo
679 2520 758 2616 quis
784 2516 957 2614 ambigit,
997 2533 1076 2603 non

45 2683 58 2720 ‚
89 2627 186 2704 aiiud
213 2649 295 2702 eum
317 2650 425 2728 quam
447 2651 663 2726 oppugnare
692 2629 929 2727 religionem,
963 2646 1101 2728 quam

45 2795 59 2832 ,
92 2742 263 2815 nimirum
289 2755 411 2837 aperte
435 2736 484 2814 sui
521 2742 624 2836 regni
650 2735 957 2827 destructionem,
1005 2738 1075 2817 suae

45 2908 60 2945 ,
90 2870 238 2946 corouae
256 2855 470 2951 pronuntiat
491 2850 700 2926 inimicum?
721 2842 873 2928 Et‘aiter
887 2845 1073 2940 Herodes,

45 3019 62 3057 ‚‚
94 2962 276 3041 Christum
295 2966 451 3058 nonium
471 2955 709 3040 incunabulis
730 2962 835 3040 habet
854 2961 1074 3060 suspectum,

45 3132 62 3168 .,
93 3073 150 3171 sed
172 3090 207 3150 et
232 3079 266 3149 in
283 3065 433 3150 ecclesiis
452 3068 588 3150 invidet
609 3073 815 3151 exaltatum.
874 3073 954 3152 Nec?
977 3063 1074 3151 aliud

45 3244 61 3280 ‚,
91 3174 171 3261 sane
192 3186 400 3270 credimus,
447 3204 530 3262 eum
556 3178 685 3261 habere
710 3174 873 3264 adversus
899 3176 1076 3286 arehiepu

45 3353 62 3391 ‚,
93 3298 264 3398 scopum,
298 3295 360 3371 nisi
380 3305 480 3396 qnod
513 3296 674 3397 spiritum
710 3297 885 3399 inipso,
924 3297 1013 3376 sieut
1036 3300 1090 3376 in·

45 3463 64 3502 ‚,
96 3414 229 3488 caeteris
246 3467 266 3496 ,,
289 3409 428 3486 laborat
446 3413 660 3509 extinguere
675 3455 708 3502 „.

45 3680 47 3688 .
130 3606 226 3696 Facit
246 3612 317 3700 huo
347 3622 379 3700 8.
401 3610 568 3698 Bernatdi
585 3608 733 3721 epistola
755 3633 842 3712 195'.
873 3615 917 3698 ‘ad
938 3618 1074 3720 episco-

45 3754 132 3836 pum
156 3729 461 3810 Constantiensem
488 3757 522 3834 p.
550 3745 636 3825 187.
667 3734 710 3810 de
728 3733 888 3813 rimaldo
914 3732 1076 3814 Brixiena

45 3844 67 3921 sr
95 3843 247 3918 homine
269 3843 433 3922 seditioso
456 3862 493 3923 et
513 3836 684 3941 hjaeretico
703 3845 851 3944 scripta,
882 3845 1073 3944 postquam

45 3959 113 4034 iam
133 3958 160 4032 is
186 3978 242 4034 an.
265 3974 335 4045 113
343 3978 379 4046 9.
409 3958 446 4036 in
465 3957 607 4062 synodo
631 3954 856 4037 Lateranenii
871 3960 1076 4047 oecumeni·
1116 4000 1119 4008 ,

45 4060 153 4148 Tou.
182 4065 216 4171 1,,
480 4114 483 4118 ⁴
562 4066 598 4149 Z
906 4125 920 4161 ,κ
978 4081 1020 4153 tr
