2400 4478
233 225 382 305 regnum
402 200 536 302 'Christi
561 195 735 286 infte'rru
763 227 790 285 c.
814 205 965 288 XXIV.
1024 212 1102 299 noi

77 368 235 471 {perio
272 365 335 447 sun
372 365 518 465 indigna
551 368 772 468 poenitentia
802 365 927 454 duiius
967 371 1104 461 fueriti
1179 379 1182 388 '

80 537 106 576 ‚‚
136 478 417 581 primumquod
442 481 653 579 propinquis
673 478 740 558 suis
767 505 893 571 necem
908 479 1104 591 intuliiiett
1178 544 1179 548 r

74 645 105 687 ,,,
133 591 308 675 aiterum,
350 590 451 692 quod
476 587 665 693 julianum
704 593 897 690 apostatam
921 587 1104 682 Caesarem
1175 655 1178 660 ,

80 760 105 799 „
135 697 385 783 nourinaiiet:
403 701 631 802 postremum
653 703 753 802 quud
778 707 881 782 novis
906 702 985 784 fidei
1009 705 1114 817 ιιιιςΙ

80 870 106 910 ,,
135 816 288 892 ruatibus
314 810 515 894 studuiffet:
547 811 722 915 {inruique
750 839 833 894 cum
853 817 905 891 his
927 804 1108 905 vocibus,
1113 855 1116 860 ·

49 956 51 960 ⁴
82 983 107 1021 ,‚
136 927 244 1002 evita
271 921 448 1001 disceffiffe
471 918 632 1017 fertur
674 925 719 1004 At
746 948 832 1001 vero
858 951 956 1013 rem,
996 870 1120 1028 prout‘

80 1052 186 1123 erat,
218 1038 370 1137 breviter
390 1035 586 1114 describens
616 1050 704 1113 orat
739 1033 918 1115 XXV.
909 1037 1106 1116 rotrudem

84 1144 249 1230 Heronis
280 1145 403 1247 philos.
445 1145 491 1230 stc
509 1146 579 1242 (de
605 1144 722 1225 haerefi
746 1146 873 1226 Ariana
899 1145 1036 1243 agens)
1064 1149 1110 1226 de

80 1258 297 1338 Constantio
322 1261 405 1358 imp
419 1254 458 1346 u)
469 1257 680 1359 loquitur
689 1254 835 1354 Rursus
845 1257 978 1335 maium
998 1260 1109 1359 impe.

79 1373 262 1465 „rium.
299 1384 335 1445 et
367 1368 483 1446 rursus
523 1368 656 1445 malum
691 1351 894 1452 reviviscit
939 1391 980 1451 ac
1013 1369 1112 1450 velut

78 1425 383 1579 :subpatridum
416 1479 577 1579 maleque
606 1478 802 1558 obductum
837 1478 963 1557 uulnus
995 1483 1107 1578 aperi·

81 1606 219 1686 „,tur
250 1603 285 1667 et
307 1591 484 1689 erumpit·
515 1612 711 1690 gravesque
739 1589 836 1688 lupi.
876 1591 932 1668 alii
963 1589 1106 1693 aliunde

84 1758 110 1799 ,‚
139 1725 206 1777 nos
224 1703 487 1799 intercipientes
511 1698 703 1785 Ecciefiam.
719 1699 932 1801 discerpunt.
961 1701 1109 1780 Arman

82 1868 108 1910 „
136 1826 196 1919 tur
218 1806 412 1894 sacerdotes
428 1789 591 1889 adversus
610 1810 828 1900 sacerdotes,
860 1815 960 1912 plebs
987 1811 1108 1890 adver·

83 1980 110 2019 „
138 1924 192 2000 ius
209 1922 348 2021 plebem
372 1922 568 2001 furibundo
595 1923 732 2025 impetu
750 1922 884 2017 fertur3
914 1927 1108 2024 imperator

82 2088 109 2131 „
138 2034 209 2134 ipse
224 2037 397 2132 impietati
420 2034 662 2112 austoritatem
681 2035 833 2134 praebet,
863 2051 969 2136 atque
986 2037 1111 2114 adver..

86 2202 111 2240 „
140 2146 195 2222 sus
219 2145 464 2244 orthodoxam
490 2144 688 2223 doctrinam
717 2144 814 2244 leges
846 2147 1020 2224 instituit:
1067 2149 1109 2228 ii·

84 2311 110 2352 ,,
136 2281 208 2357 que
229 2271 414 2358 praeterea.
444 2257 503 2357 qui
524 2277 590 2331 nec
619 2257 660 2332 in‘
683 2257 847 2335 uirorum
878 2282 944 2340 nec
970 2260 1005 2334 in
1031 2282 1109 2335 ιιιιι.

85 2424 110 2463 „
141 2368 265 2457 iierum
289 2392 441 2447 numero
467 2364 631 2449 censendi
660 2370 762 2454 tunt,
798 2361 954 2466 quorum
982 2392 1110 2467 magna

86 2536 111 2575 „
141 2495 213 2558 erat
239 2479 331 2578 apud
353 2502 435 2556 eum
461 2480 632 2583 potentia.
692 2476 786 2576 Quis
816 2503 902 2555 vero
933 2483 1107 2577 temporis

86 2648 111 2686 ,,
136 2591 233 2669 illius
260 2590 349 2668 mala
370 2613 438 2689 pro
459 2589 629 2687 dignitate
655 2584 842 2688 deplorare
859 2587 997 2688 quenti
1027 2587 1111 2672 Exi

86 2702 207 2797 „lim
245 2703 428 2780 bonorum
463 2699 764 2802 proscriptiones,
807 2700 1015 2799 ignominiae
1043 2722 1111 2777 nn

74 2868 115 2909 ⁴„
142 2827 194 2890 tas
225 2814 291 2890 &o
314 2868 337 2906 „
1016 2845 1018 2855 ¹

149 3110 276 3190 Valens
302 3112 453 3189 Arinnus
477 3109 762 3188 orthodoxorum
779 3107 997 3208 persicarum
1022 3123 1058 3196 et

328 3221 539 3321 religionum
566 3222 721 3304 omniurn
735 3217 874 3320 fautor.

90 3328 157 3499 Id
182 3408 267 3461 uero
286 3384 335 3462 est
353 3381 730 3472 animaduertendum,
759 3381 792 3460 S.
816 3380 1036 3484 Gregorium
1057 3398 1111 3462 ιιι

162 3494 361 3573 Constantii
393 3495 452 3571 hic
486 3497 709 3592 coniungere
747 3517 830 3572 curn
867 3494 1114 3594 persecutione
1175 3490 1178 3503 ’

92 3605 246 3696 Iuliani,
273 3631 343 3708 qua
368 3620 486 3683 tanren
511 3605 671 3707 perbrevi
691 3627 781 3684 mox
803 3601 963 3683 Vale-ntis
979 3612 1112 3704 (quern

93 3722 176 3820 pius
215 3718 381 3796 Iovianus
425 3717 633 3817 imprudens
662 3716 699 3792 in
739 3717 941 3794 societatem
974 3719 1113 3812 imperii

94 3827 351 3932 adoptaverat)
387 3828 671 3932 persecutionem
699 3828 929 3915 acerbiorem,
959 3825 1052 3903 ‘dicit
1076 3821 1113 3911 ir)

569 3934 607 4015 N
681 3991 684 4003 .
1001 3951 1061 4018 nt-

101 4050 104 4054 “
145 4045 182 4128 a)
202 4062 232 4108 n.
257 4064 285 4123 p.
308 4061 341 4127 p.
364 4049 433 4124 ιιι,
497 3957 737 4128 &lup-5461.
