2438 4470
158 206 236 294 338
500 185 645 280 Eccltfir
668 188 830 270 militent

156 357 292 441 Coloo
306 352 462 459 archiep
479 377 601 452 magur
591 350 777 440 confilii,
795 348 992 459 prodentia
1006 366 1044 431 et
1062 359 1179 435 audo

156 475 269 550 ritatir
309 471 399 556 riri,
444 488 606 568 „aquo
638 465 835 565 respublica
862 468 934 559 (ut
964 463 1178 549 Lambettua

153 580 393 679 „Schaluab
428 578 573 658 testatur
598 577 715 655 adan.
742 598 855 669 1072
874 573 929 664 )
920 602 956 654 tn
991 582 1179 677 pristinum

60 724 77 747 ··
153 753 177 792 ,‚
205 695 332 772 statum
358 689 645 792 dignitatemque
667 684 854 767 reformati
877 711 1053 788 coeperat.
1125 695 1177 783 ls,

155 864 179 901 „
202 799 617 905 (pergit‚)offeosutbia,
630 825 710 902 qoae
724 800 878 901 plurima
894 821 1020 898 praeter
1037 829 1178 906 aequum

153 975 178 1013 „
205 932 241 994 et
266 917 406 992 bouum
436 911 564 989 fiebant
589 915 626 988 io
644 911 802 1012 palatio,
833 916 935 1012 petiit
955 937 974 988 a
995 938 1107 1013 tege,
1126 944 1200 994 ta·

151 1085 176 1124 „
205 1030 385 1104 cntionem
405 1024 573 1120 deinceps
592 1026 666 1100 dari
691 1023 753 1101 libi
780 1027 1041 1124 aretumpubl
1071 1031 1171 1106 admi.

150 1197 175 1243 υ
204 1138 431 1225 nistratione,
459 1135 615 1214 caulatus
643 1137 681 1211 in
711 1136 847 1213 senium
877 1139 947 1212 iant
967 1155 1171 1238 vergentem

150 1309 174 1348 ,‚
202 1266 364 1338 atatem,
394 1263 431 1326 et
449 1245 634 1324 laboriolls
651 1250 754 1346 regui
772 1251 928 1346 negotiis
952 1255 1093 1339 minus,
1115 1255 1172 1330 mi·

150 1422 175 1460 „
203 1363 339 1464 nosque
365 1358 608 1438 sufficientem.
667 1359 783 1452 Quod
814 1383 879 1436 tex
905 1359 1002 1438 baud
1027 1361 1172 1461 difficul-

151 1533 176 1574 „
202 1492 255 1554 ter
278 1479 428 1559 annuit,
457 1474 538 1572 quia
559 1473 674 1571 pravis
697 1471 905 1548 libidinibus
933 1473 1002 1549 suit
1019 1492 1055 1551 et
1074 1480 1172 1555 iuve-

150 1645 174 1688 „
203 1587 333 1666 nilibus
351 1584 493 1683 ineptiis
508 1583 731 1660 iamdudum
750 1585 1066 1672 animadverterat,
1085 1611 1188 1680 aunt„

70 1771 74 1776 ,
149 1757 172 1796 „
201 1702 355 1799 graviter
378 1694 545 1782 offendi,
580 1710 617 1772 et
648 1696 862 1794 plerumque
890 1712 1064 1796 quantum
1086 1696 1168 1778 lalva

147 1867 171 1908 ,‚
198 1814 295 1909 regia
317 1808 494 1909 dignitate
515 1820 677 1906 poterat,
707 1830 775 1907 pro
796 1806 886 1883 virili
912 1813 1087 1907 portione
1109 1804 1168 1889 ola

147 1979 171 2019 „
201 1926 275 2000 niti
335 1919 368 1998 la
386 1929 477 2018 e'rgo
500 1921 562 1997 ubi
583 1914 616 1997 se
640 1922 677 1995 io
708 1919 765 1996 loa
794 1924 952 2027 recepit,
1000 1946 1069 1999 rex
1100 1936 1165 2000 ran·

146 2092 169 2130 „
199 2057 307 2135 quam
335 2028 546 2110 [everillimo
582 2030 787 2130 padagogo
815 2031 1015 2122 liberatos,
1062 2037 1161 2112 {latin

146 2201 171 2240 ,‚
199 2149 237 2222 in
265 2145 388 2221 omnia
418 2167 550 2242 genera
576 2141 819 2241 flagitiorum,
857 2147 974 2243 ruptis
1003 2150 1190 2225 omnibus¹

142 2313 166 2356 „
195 2255 374 2332 modestiae
390 2269 426 2331 et
458 2258 699 2352 temperantia
719 2255 856 2341 irenis,
883 2261 1105 2356 pt'aecipitetu
1130 2259 1158 2335 se

141 2423 166 2464 ,‚
193 2367 291 2444 dedit
306 2422 339 2458 „.
397 2365 515 2460 Quod
534 2389 622 2442 vero
640 2365 825 2466 pellimum
850 2385 942 2453 erat,
974 2385 1085 2471 atque
1102 2370 1157 2447 lio·

142 2477 279 2575 cleliam
301 2480 450 2578 propius
467 2479 660 2564 attinebat,
690 2481 740 2554 ob
761 2478 934 2555 eiusmodi
959 2483 1070 2558 etiam
1087 2483 1157 2558 alia·

141 2611 213 2694 que
243 2593 392 2669 crimina
421 2588 559 2666 venales
584 2605 685 2668 erant
710 2589 902 2688 dignitates
931 2587 1154 2671 ecclelialiicae

139 2719 289 2805 proptet
317 2700 421 2780 feuda
461 2700 589 2800 regalia
619 2704 789 2781 obnoxia
822 2705 1058 2802 impetatori,
1098 2726 1155 2783 net

133 2810 199 2895 nili
222 2819 339 2915 pretio
369 2813 628 2912 oompataodae.
687 2813 758 2894 Cui
787 2811 987 2891 limoniacae
1015 2822 1156 2917 pravita·
1214 2877 1219 2909 ,

135 2926 163 3006 ti
186 2924 250 3004 nill
268 2918 451 3003 obstitillet
469 2925 634 3024 pontifex
651 2979 662 3011 .
692 2927 926 3027 quadraginta
952 2945 989 3003 et
1008 2929 1168 3030 amplior·
1213 2989 1219 3021 ,

135 3039 259 3124 annia,
289 3040 420 3139 quibua
440 3040 628 3136 imperarit
650 3034 849 3124 Henticus,
891 3054 1013 3116 totunt
1048 3046 1171 3140 impe·
1213 3105 1219 3136 ,

136 3151 267 3250 tium,
312 3149 413 3249 quod
432 3165 521 3226 tunc
545 3144 619 3227 late
641 3165 769 3247 ptaeter
801 3141 934 3227 ltaliam
956 3172 1022 3248 per
1046 3152 1151 3232 Bobe-

134 3264 263 3347 ntiant,
292 3255 482 3339 Poloniam
506 3259 597 3338 ultra
623 3259 826 3339 Germania
849 3259 936 3340 fines
967 3267 1152 3362 protende

129 3371 251 3458 batur,
272 3396 311 3449 ea
333 3372 458 3451 infetla
484 3368 600 3453 fuisset
625 3373 729 3463 labe.
760 3393 840 3476 quat
860 3389 949 3454 tunc
965 3377 1151 3476 ptohaere

129 3479 156 3560 ll
181 3472 383 3567 habebatur.

210 3689 307 3773 Cum
324 3690 407 3771 ellet
428 3691 463 3770 St
479 3686 650 3772 Pontifex
664 3691 832 3773 libertatis
851 3695 1088 3777 ecclesiastice
1103 3700 1150 3777 iu·

126 3805 292 3906 tiumque
325 3804 595 3908 pontificiorum
626 3808 758 3884 vindex
791 3831 833 3884 ac
864 3808 1032 3887 defensor
1059 3834 1148 3889 acer·
1211 3867 1219 3898 ,

124 3923 259 4006 timus,
281 3941 499 4021 morumque
514 3942 555 3998 ac
574 3919 767 4022 discipliuae
784 3913 1023 4001 ecclellastlcae
1039 3923 1150 4000 refor-
1213 4005 1219 4011 ,

860 4083 864 4089 -
973 4050 1097 4116 mator
1163 4061 1168 4070 ’
