2400 4478
133 205 214 277 320
493 170 635 278 &clusin
652 189 812 270 militaus
875 138 880 145 .

131 353 394 456 Hungatotum
417 363 453 431 et
472 350 774 434 Nutmunuorum
797 351 1004 434 invauoneu
1027 355 1073 436 ue
1093 361 1162 442 beist

130 468 248 547 civilia
267 468 370 544 domi
389 469 674 559 continuerunt3
705 491 822 566 neque
843 468 881 545 hi
898 467 1113 552 Germaniae
1128 502 1161 553 ru

128 606 195 681 ges
215 578 362 656 titulum
394 582 622 682 imperatoris
651 577 815 677 gessisse,
861 581 1160 683 adiligentiffiutu

129 693 339 790 Contingio
371 708 556 768 notantur.
601 690 682 769 Nec
712 695 817 769 etiam
844 692 1002 772 alierum
1039 717 1159 798 preter.

129 827 240 906 quam
258 805 399 904 imperii
411 803 618 882 Germanici
631 827 890 882 retnmomnes
903 803 942 881 hi
960 806 1156 909 sategerunt

214 963 369 1046 Fuissent
386 981 475 1043 tuuc
501 965 661 1042 feliciora
679 966 863 1043 orientalis
886 963 1060 1049 Ecclestae
1074 971 1151 1050 schis-

127 1088 224 1156 mate
246 1076 389 1165 solutae‚
420 1091 526 1179 quant
549 1077 780 1154 occidentalis
801 1094 973 1180 tempora
996 1083 1064 1163 sub
1081 1078 1148 1163 Len

125 1214 174 1269 ne
199 1191 366 1293 Supieute
390 1195 628 1290 imperatore,
677 1193 852 1290 quivero
880 1194 981 1271 obiit
1000 1221 1059 1276 au.
1080 1221 1145 1288 911.

125 1293 223 1384 haud
248 1298 372 1380 infelix
397 1303 522 1402 legum
549 1300 819 1380 luttinianarum
845 1304 1089 1397 reformator,
1113 1335 1145 1388 u·

124 1418 368 1517 tradaturque
388 1439 549 1502 comm,-
576 1427 656 1516 qnae
687 1413 898 1494 lastinianus
926 1418 1062 1500 limites
1089 1422 1142 1500 suut

124 1526 281 1626 egressus
310 1530 456 1616 statuit,
506 1530 652 1634 miratus
680 1530 715 1603 in
746 1527 804 1604 sua
830 1528 988 1608 Novella
1019 1532 1141 1618 secunit

124 1635 407 1727 constitutione,
449 1697 472 1733 „
489 1653 574 1718 'cum
605 1636 811 1716 sacrosancti
839 1636 1039 1746 divinique
1061 1660 1135 1725 unu·

123 1809 147 1846 „
179 1778 266 1841 nes,
297 1771 333 1829 et
362 1755 575 1853 quicunque
596 1752 654 1828 ulii
674 1752 719 1829 de
742 1749 948 1834 sacerdotio
973 1783 1019 1835 ac
1038 1757 1136 1860 epten·

18 1954 21 1960 Ι
122 1920 145 1958 „
176 1890 307 1966 potum
327 1868 510 1942 creatione
527 1862 698 1951 statuere,
724 1868 761 1940 in
781 1869 969 1965 optimum
994 1863 1134 1949 numetis

120 2034 143 2072 „
174 2002 246 2080 que
274 1977 446 2056 omnibus
467 1967 615 2077 pienum
646 1971 734 2054 editi
763 1974 831 2054 fiut
856 1995 1046 2070 canones,
1072 1984 1134 2084 qun

120 2148 143 2184 „
172 2081 289 2167 modo
314 2113 390 2166 non
418 2091 522 2165 veriti
550 2081 719 2166 nonnulii
744 2086 833 2176 fint.
874 2089 991 2170 sacrus
1017 2082 1134 2172 divinus·

118 2256 143 2295 ‚‚
173 2227 243 2303 que
255 2200 373 2300 leges,
392 2212 564 2301 tauquam
581 2192 647 2277 ittae
662 2199 832 2308 absulutae
849 2226 926 2280 non
940 2202 1066 2295 essent,
1080 2227 1135 2308 pu·

119 2363 142 2407 „
174 2313 342 2411 mulgatis
371 2313 447 2418 aliis
479 2306 890 2412 legibus.abtogare‚,i
933 2306 982 2395 Et
1011 2305 1133 2399 Nnueilt

120 2422 260 2502 constit.
301 2436 358 2501 16.
384 2423 538 2518 „Vetus
560 2416 708 2502 verbum
730 2422 833 2521 (uit)
852 2430 956 2528 quod
988 2432 1037 2508 de
1058 2433 1133 2509 tebu
1192 2423 1194 2502 j

116 2529 238 2630 „ssuis
276 2529 411 2615 dicenti
444 2556 545 2615 autes
580 2528 648 2613 eise
680 2537 886 2636 aperiendas
929 2559 1061 2622 monet
1088 2591 1132 2620 n.

117 2700 139 2742 ,,
171 2645 338 2750 Dignum
371 2652 513 2753 itaque,
557 2646 686 2727 sacrum
718 2642 835 2748 legem
868 2650 914 2727 de
951 2647 1060 2736 rebus
1088 2654 1132 2731 iuis

116 2813 139 2856 „
171 2766 436 2863 praecipientem
461 2763 583 2840 audite
608 2765 836 2863 imperatoria
856 2759 978 2844 nostre
1003 2767 1131 2844 maietn
1190 2779 1194 2878 j

115 2932 138 2968 „
167 2894 260 2962 rata,
291 2879 381 2951 etin
407 2875 556 2951 eandem
587 2897 673 2953 cum
697 2874 754 2950 iila
775 2874 992 2956 sententiam
1017 2868 1130 2959 descen
1190 2912 1194 2922 ⁴

115 3040 137 3080 ‚,
169 2986 246 3074 dit,
277 3000 313 3063 et
340 2987 458 3065 statuit
482 2989 549 3064 dcc.
568 3041 590 3080 „
1188 2980 1194 2990 '

201 3146 241 3226 ln
266 3147 470 3228 Occidente
492 3147 591 3226 fuisse
607 3165 694 3226 tunc
717 3149 956 3229 communem
977 3141 1129 3259 usquead
1185 3139 1194 3211 l

115 3253 301 3340 Otto'nnm
321 3277 484 3359 tempora
500 3261 760 3360 Capituiunum
781 3287 909 3360 regum
930 3263 1129 3344 Francornu
1181 3275 1194 3325 t

112 3372 215 3450 usum
232 3428 240 3458 ,
256 3372 437 3471 pontificia
453 3375 661 3450 auctoritate
684 3373 964 3464 confirmatum,
983 3365 1129 3480 apud&
1179 3385 1194 3460 s

111 3480 384 3582 luziunnlegere
404 3486 503 3561 estin
521 3485 744 3584 prefatione,
776 3485 992 3588 Romaque,
1022 3508 1067 3593 e'q
1162 3471 1194 3573 :l

113 3597 198 3674 teste
218 3595 366 3676 Buiuuio
394 3600 431 3671 in
455 3598 609 3672 exordio
629 3598 846 3697 praefationis
875 3599 921 3675 ad
946 3603 1047 3680 suam

111 3711 188 3787 seii.
213 3711 344 3786 horum
371 3709 655 3808 Cupituiariunn,
688 3709 969 3810 matisoppreffa
989 3712 1128 3793 ciuilibut
1179 3695 1194 3772 ί

108 3844 144 3899 et
177 3821 354 3900 diuturnis
390 3846 431 3899 ac
467 3822 714 3923 frequentibus
746 3821 933 3901 discotdiis
966 3825 1128 3904 seditioni
1179 3822 1194 3884 t

108 3935 242 4038 busque
257 3949 399 4027 vexata,
428 3936 796 4024 cumtutmaturun,
825 3948 907 4039 quae
924 3940 1126 4041 pertatem.
1177 3918 1194 3994 f

951 4051 1089 4134 suen
1189 4097 1194 4106 ·
