2400 4478
246 242 395 319 regnum
430 178 559 308 Christi
588 219 774 297 interris.
804 243 830 297 c.
864 213 932 298 ΙΧ.
1057 244 1109 316 39

78 439 96 482 a
120 387 215 464 stum.
278 384 440 482 signavit
458 397 601 469 autem,
623 384 706 482 quia
730 383 917 459 occultum
943 384 1011 467 est,
1045 387 1108 485 qui

77 502 314 600 „pertineant
346 497 390 570 ad
408 511 545 593 partem
569 496 722 579 diaboli,
755 511 790 570 et
809 500 869 595 qui
896 496 939 571 ad
961 495 1103 574 Christi.

78 670 95 706 „
118 612 208 689 Nam
231 625 269 686 et
293 611 354 708 qui
376 609 542 683 videntur
560 608 675 695 stare,
707 598 909 695 nescimus,
941 606 975 683 fi·
992 608 1106 686 casuri

79 723 219 816 „lunt3
267 737 302 796 et
338 723 398 818 qui
426 724 563 804 iacent,
608 718 634 793 st
664 718 808 818 surgant
840 723 1016 798 incertum
1045 723 1105 799 est.

81 834 232 930 „Quod
256 847 376 910 autem
407 836 479 917 ait,
522 831 674 929 ligatum
700 847 734 909 et
768 832 942 909 inclusum
976 832 1108 921 illurn.

84 950 99 1040 ,ᾖ
121 966 157 1026 ut
186 971 263 1022 non
285 945 427 1021 seducat
450 960 601 1041 gentes:
641 961 767 1042 gentes
792 941 978 1021 Ecclefiam
1002 944 1111 1044 figni-

84 1117 101 1152 „
122 1061 252 1143 licant,
295 1057 495 1156 exquibus
524 1055 593 1154 ipla
629 1057 790 1142 constat,
838 1081 924 1155 quas
953 1058 1111 1135 ledudlas

85 1179 101 1270 ς,
122 1188 199 1249 ante
222 1171 390 1254 tenebat,
422 1167 525 1242 donec
540 1166 744 1263 finiantur,
765 1170 907 1268 inquit,
938 1170 1031 1245 mille
1047 1193 1112 1248 on-
1158 1250 1161 1259 ,

85 1343 101 1378 „
122 1288 181 1370 ni,
207 1283 243 1358 id
268 1283 346 1367 est,
377 1280 478 1378 quod
495 1281 672 1380 reliquum
696 1282 745 1357 est
773 1281 818 1355 de
836 1277 935 1356 sexto
951 1282 1032 1378 die,
1051 1274 1127 1360 lei-⁴

86 1398 201 1489 „licet
226 1393 323 1470 sexta
339 1407 463 1477 aetate,
494 1415 572 1490 quae
589 1393 836 1467 constat'nrille
852 1395 964 1469 annis.
987 1450 1009 1484 „
1038 1392 1114 1472 Lu-

85 1509 208 1586 culenta
244 1505 323 1580 sane
360 1503 437 1579 haec
476 1503 525 1581 est
552 1507 655 1600 regni
692 1503 822 1582 Christi
852 1501 1013 1581 Ecclefiae
1052 1508 1114 1582 de.

86 1620 214 1720 scriptio
237 1621 272 1692 in
301 1617 455 1725 adventu
489 1619 609 1712 primo
636 1614 768 1695 Christi
798 1615 895 1692 velut
932 1618 975 1691 ab
996 1619 1113 1694 inlan-

39 1764 41 1807 ι
87 1737 120 1809 tia
139 1733 192 1810 sua
209 1729 398 1809 crescentis
422 1783 444 1819 „
472 1727 516 1802 ad
542 1726 890 1811 consummationem
909 1728 1112 1809 sanderum

39 1871 42 1884 ·
87 1853 156 1938 „in
189 1867 284 1940 opus
322 1841 533 1924 ministerii,
575 1843 610 1914 in
644 1838 914 1930 aedificationem
945 1846 1112 1941 corporis

86 1956 276 2050 „Ch-risti:
308 1953 430 2028 donec
451 1974 578 2026 onmes
607 1975 840 2031 occurramus
865 1956 902 2027 in
936 1957 1110 2030 unitatem

39 2094 43 2140 ς,
86 2127 102 2161 „
125 2068 225 2152 fidei,
256 2081 294 2141 et
311 2066 507 2161 agnitionis
522 2061 584 2138 filii
601 2062 695 2151 Dei,
726 2068 894 2141 invirum
915 2064 1110 2162 perfeetum

39 2221 41 2245 ι
85 2237 103 2274 ,,
124 2187 157 2257 in
182 2176 381 2256 mensuram
401 2178 509 2255 aetatis
530 2175 762 2276 plenitudinis
780 2176 922 2255 Christi.
946 2173 986 2265 o)

130 2341 317 2420 Prioribus
361 2363 509 2440 quoque
551 2337 695 2440 mundi,
718 2340 877 2417 aetatibus
920 2338 1117 2424 theocratia

87 2456 237 2556 quadam
268 2454 428 2528 obtinuit
460 2476 521 2549 per
552 2452 708 2550 epochas
741 2453 1046 2552 patriarcharum,
1079 2469 1115 2534 et

83 2562 299 2666 post‘legem
323 2566 385 2640 lub
419 2565 594 2639 iudicibus
625 2563 735 2664 usque
773 2565 818 2642 ad
847 2564 976 2664 reges,
1021 2590 1115 2665 quos

67 2677 174 2758 'Deus
202 2683 239 2754 in
277 2677 400 2753 furore
428 2680 491 2751 luo
513 2673 643 2752 dedille
668 2677 717 2752 est
743 2680 976 2755 contestatus:
1009 2701 1120 2778 quos·

83 2816 145 2892 que
168 2814 251 2869 com
283 2802 470 2887 peterent,
513 2792 620 2862 iratos
654 2787 677 2864 l.
710 2786 800 2888 Reg.
833 2784 931 2866 Vlll.
965 2811 1000 2880 7.
1031 2788 1119 2867 Nun

85 2908 192 2990 eninr,
215 2902 258 2994 ad
280 2900 481 2977 Samuelem
496 2900 608 2984 dixit,
640 2911 673 2974 te
705 2899 931 2989 abiecerunt,
951 2899 1019 2999 fed
1039 2925 1118 2991 me.

84 3040 119 3092 na
138 3037 281 3111 regnem
295 3013 405 3111 super
442 3034 506 3088 eos.
565 3011 816 3090 Nihilominus
844 3014 983 3113 placato
1007 3013 1119 3104 Dee,

85 3127 212 3228 lumper
234 3126 349 3225 aliqua
370 3124 574 3226 coplervata
604 3123 673 3202 fuit
697 3125 902 3204 theocratiae
932 3129 1021 3204 ratio
1047 3152 1123 3205 me..

85 3242 257 3317 diantibus
290 3237 477 3337 prophetis
502 3236 695 3335 prasertim
724 3253 759 3313 et
802 3238 1001 3325 sacerdotio
1036 3239 1123 3315 levi·

85 3357 176 3430 tico:
210 3375 321 3452 penes
355 3349 456 3450 quod
488 3352 593 3424 etiam
619 3351 794 3447 proximis
822 3360 905 3426 ante
938 3351 1121 3428 Christum

82 3465 196 3542 seculis
222 3464 304 3564 post
329 3462 484 3536 reditum
513 3464 751 3558 acaptivitate
771 3460 989 3562 Babylonica
1014 3467 1049 3540 in
1070 3464 1087 3538 l
1107 3509 1125 3527 ·

80 3580 220 3678 perstite
246 3578 346 3651 tribu
368 3572 454 3649 luda
476 3573 604 3670 regalis
628 3573 782 3675 potestas
807 3574 1007 3674 permanfit.

83 3795 90 3814 .
134 3734 464 3834 Quemadmodum
485 3758 572 3810 vero
603 3737 638 3810 in
666 3735 819 3810 adventu
845 3735 976 3812 ulefflae
994 3735 1127 3812 Christi

80 3850 239 3933 Domini
260 3843 370 3924 fanus
388 3847 436 3922 est
457 3849 678 4056 princgpapns
696 3849 799 3951 super
812 3848 1005 3927 humerum
1025 3850 1129 4038 ippum

119 4072 155 4150 a)
178 4065 258 4146 Epir
284 4061 335 4130 lv.
362 4079 408 4128 12.
433 4065 488 4126 &n
