2400 4478
154 203 235 271 206
486 155 643 288 ¹Ecclesia
664 189 823 279 militans
908 267 913 280 ,

150 349 291 442 arachi,
331 352 510 432 iuniorum
540 378 574 430 n.
598 373 656 447 ¹7·
700 355 748 431 ita
770 350 1008 456 alloquentis:
1055 411 1078 449 „
1107 354 1168 434 Fa·

148 523 170 562 „
197 460 520 543 veant'clementlae
542 465 661 542 vestra
681 465 848 544 stilorum
880 469 1048 544 omnium
1076 476 1168 546 arca·

146 633 169 671 ‚,
198 600 242 653 na
268 574 446 676 praefidiat
476 590 512 652 et
531 575 603 654 huc
623 580 807 665 maxime,
837 601 913 678 quo
934 579 1089 655 maiores
1112 605 1167 659 ve·

143 744 167 782 »
194 687 283 764 stros
308 684 500 788 aliquando
524 687 710 774 iuverunt,
736 712 799 764 vos
825 688 1040 776 defendant,
1063 715 1163 768 auo·

141 856 164 892 ,‚
193 798 246 873 bis
262 797 435 876 colantur.
494 793 586 876 Eum
607 795 822 898 religionum
848 801 972 876 statum
988 804 1162 900 petimus,

142 966 165 1004 ‚‚
194 911 257 1009 qui
282 909 368 986 divo
392 912 528 1010 parenti
559 910 724 988 culminis
760 912 861 987 uellri
884 911 1034 990 servavit
1057 917 1164 1014 impe.

142 1075 164 1116 „
195 1025 316 1108 rium.
342 1025 406 1122 qui
424 1021 611 1099 fortunato
640 1023 793 1122 principi
819 1022 1000 1121 legitimos
1029 1021 1162 1106 suffecit

141 1188 163 1227 „
193 1131 395 1226 haereues‚,.
467 1129 526 1210 De
563 1133 691 1238 eodem
724 1134 932 1212 Ammianus
964 1130 1159 1215 Marcellin.

141 1246 283 1333 narrat,
314 1266 360 1322 eo
389 1244 635 1321 moderamine
672 1246 887 1346 principatus
916 1247 1032 1345 ipsum
1057 1249 1160 1326 incla-

139 1353 264 1449 ruiffe3
293 1408 315 1447 „
338 1356 439 1456 quod
464 1359 556 1433 inter
589 1351 808 1453 religionum
834 1355 1050 1436 diversitates
1089 1384 1161 1438 mc·

138 1522 160 1561 ,‚
185 1469 263 1546 dius
286 1467 403 1554 stetit,
444 1491 511 1544 nec
542 1489 759 1569 quemquam
788 1469 1021 1568 inquietavit3
1067 1495 1158 1560 nec.

139 1632 161 1673 „
192 1593 232 1656 ut
255 1577 327 1654 hoc
360 1577 566 1668 coleretur,
602 1596 664 1657 aut
687 1577 804 1664 illud,
849 1583 1037 1680 imperavit
1047 1602 1059 1677 3
1087 1575 1156 1660 'nec

135 1746 158 1784 „
188 1687 380 1766 interdiilis
410 1687 605 1768 minacibus
640 1684 875 1767 subiectorum
907 1696 1085 1770 ceruicem
1114 1693 1155 1772 ad

134 1856 157 1894 „
186 1796 249 1887 id,
281 1799 381 1900 quod
407 1798 477 1898 ipse
512 1799 648 1889 coluit,
681 1799 896 1879 inclinabat:
927 1802 985 1880 sed
1007 1807 1154 1883 inteme-

134 1967 156 2004 „
186 1926 275 1986 ratas
308 1907 452 2009 reliquit
485 1911 546 1987 has
578 1927 717 2010 partes,
759 1927 799 1990 ut
827 1915 958 2013 reperit
979 1972 1014 2007 ,‚.
1074 1915 1155 1996 Haec

135 2023 284 2121 scriptor
307 2018 450 2118 gentilis
470 2023 549 2121 post
579 2021 824 2121 paganismum
849 2029 917 2101 iam
946 2025 1154 2108 aConllan·

135 2136 213 2210 tino
237 2137 273 2210 e't
302 2134 375 2209 eius
406 2129 484 2208 filiis
521 2135 631 2233 impp.
663 2131 856 2212 christianis
893 2135 1029 2238 ubique
1071 2163 1151 2239 pro-

133 2244 334 2342 scriptum,
369 2245 515 2319 nimiam
545 2249 972 2346 quoqueexaggerando
1008 2246 1068 2327 hic
1101 2255 1151 2327 in·

129 2352 349 2452 dulgentiam
378 2347 645 2432 Valentiniani:
676 2359 778 2433 euius
815 2358 960 2457 quidem
992 2376 1093 2439 extat
1114 2360 1147 2450 u)

127 2464 357 2566 haruspicinae
379 2464 624 2565 indulgentior
640 2463 725 2552 lex,
757 2469 885 2545 eodem
911 2470 1042 2558 titulo,
1074 2497 1144 2575 quo

127 2577 277 2656 habetur
308 2576 533 2656 Constantini
557 2593 592 2655 et
616 2577 816 2657 Constantii
842 2579 902 2656 filii
934 2598 1064 2658 contra
1089 2607 1146 2661 au·

125 2715 234 2791 gures
265 2691 445 2767 inter·t0t
470 2689 623 2766 eiusdem
654 2689 789 2767 codicis
806 2689 1021 2790 gracillimus
1048 2693 1142 2796 leges

124 2816 248 2880 contra
278 2822 451 2902 paganam
483 2797 777 2902 superstitionem.
835 2801 914 2879 Nec
942 2803 979 2878 in
1011 2803 1097 2893 sua,
1123 2831 1141 2884 a

124 2915 232 2990 nobis
261 2928 488 2999 memorata,
542 2912 623 3011 lege
668 2908 938 2994 Valentinianus
989 2915 1139 3018 aliquam

116 3034 248 3122 praetcr
276 3019 458 3121 conceffum
489 3020 751 3111 urrruioribus,
794 3022 1001 3119 religionem
1028 3028 1140 3106 indul·

119 3158 228 3236 gere,
260 3135 367 3211 uideri
386 3131 522 3233 pulset,
555 3139 590 3210 ni
609 3135 754 3210 demum
779 3137 821 3211 ad
845 3129 949 3234 leges
967 3161 1139 3236 provoca·

126 3262 180 3324 tet
209 3236 245 3323 in
267 3244 420 3323 exordio
447 3247 498 3323 sui
527 3247 709 3344 regiminis
747 3245 842 3323 datas
858 3302 884 3333 ,a
909 3246 1035 3341 quidus
1065 3253 1137 3327 uni·

118 3358 266 3453 ruique,
307 3357 399 3454 quud
425 3359 543 3432 animo
572 3353 785 3455 imdidiffet.
825 3353 978 3446 colendi,
1028 3359 1134 3439 libera

110 3467 267 3568 ,peculias
294 3466 430 3545 tributu
457 3461 509 3556 est.
568 3466 697 3545 Procul
730 3491 816 3544 vero
845 3470 888 3546 ab
913 3471 979 3546 hac
1008 3469 1136 3551 Valen-

118 3583 240 3659 tiniani
267 3581 489 3678 indulgentia
504 3577 617 3656 abfuit
635 3582 868 3676 cognominis
891 3577 1011 3670 filius,
1043 3585 1152 3663 dele..

116 3696 264 3796 gationc
283 3693 326 3770 ad
352 3714 433 3770 eum
463 3695 530 3786 (ut
555 3712 600 3766 ex
622 3689 856 3771 sumntum
874 3688 913 3781 b)
940 3693 1135 3787 discimus)

1019 3809 1087 3886 ite·

164 3937 201 4013 a)
215 3929 288 3998 cot.
307 3926 421 3994 theou.
442 3927 472 3994 L.
491 3929 545 3994 lx.
570 3927 614 3995 tit.
641 3936 686 3995 16.
710 3949 735 3996 n
758 3950 787 4017 9.
830 3933 863 4011 i)
881 3928 916 3998 t.
936 3930 973 3997 11.
997 3953 1028 4016 p.
1047 3955 1129 4034 ¹¹1⁹·

202 4019 239 4082 tle
257 4016 339 4079 obitu
360 4011 472 4080 Valent.
496 4033 524 4082 n.
551 4032 599 4096 19.
