<?xml version="1.0" encoding="UTF-8"?>
<!DOCTYPE html PUBLIC "-//W3C//DTD XHTML 1.0 Transitional//EN"
    "http://www.w3.org/TR/xhtml1/DTD/xhtml1-transitional.dtd">
<html xmlns="http://www.w3.org/1999/xhtml" xml:lang="en" lang="en">
 <head>
  <title>
</title>
<meta http-equiv="Content-Type" content="text/html;charset=utf-8" />
  <meta name='ocr-system' content='tesseract 3.04.00' />
  <meta name='ocr-capabilities' content='ocr_page ocr_carea ocr_par ocr_line ocrx_word'/>
</head>
<body>
  <div class='ocr_page' id='page_1' title='image "./ecclesiamilitan00gerbgoog_0235.png"; bbox 0 0 2400 4478; ppageno 0'>
   <div class='ocr_carea' id='block_1_1' title="bbox 177 184 1079 300">
    <p class='ocr_par' dir='ltr' id='par_1_1' title="bbox 177 184 1079 300">
     <span class='ocr_line' id='line_1_1' title="bbox 177 184 1079 300; baseline -0.003 -25"><span class='ocrx_word' id='word_1_1' title='bbox 177 211 326 294; x_wconf 77' lang='lat' dir='ltr'><em>regnatu</em></span> <span class='ocrx_word' id='word_1_2' title='bbox 358 185 487 284; x_wconf 71' lang='lat' dir='ltr'><em>Christ·</em></span> <span class='ocrx_word' id='word_1_3' title='bbox 513 192 555 271; x_wconf 78' lang='lat' dir='ltr'><em>in</em></span> <span class='ocrx_word' id='word_1_4' title='bbox 582 192 700 271; x_wconf 63' lang='lat' dir='ltr'><em>mittit.</em></span> <span class='ocrx_word' id='word_1_5' title='bbox 730 213 761 272; x_wconf 79' lang='lat' dir='ltr'><em>a.</em></span> <span class='ocrx_word' id='word_1_6' title='bbox 783 184 925 273; x_wconf 82' lang='lat' dir='ltr'><em>XXVI.</em></span> <span class='ocrx_word' id='word_1_7' title='bbox 1003 213 1079 300; x_wconf 78' lang='lat' dir='ltr'><em>aaa</em></span> 
     </span>
    </p>
   </div>
   <div class='ocr_carea' id='block_1_2' title="bbox 13 355 1178 3930">
    <p class='ocr_par' dir='ltr' id='par_1_2' title="bbox 13 355 1178 3930">
     <span class='ocr_line' id='line_1_2' title="bbox 51 355 1087 460; baseline 0 -22"><span class='ocrx_word' id='word_1_8' title='bbox 51 412 75 458; x_wconf 86' lang='lat'><strong>„</strong></span> <span class='ocrx_word' id='word_1_9' title='bbox 104 359 228 437; x_wconf 77' lang='lat' dir='ltr'><em>stante</em></span> <span class='ocrx_word' id='word_1_10' title='bbox 270 355 506 456; x_wconf 85' lang='lat' dir='ltr'><em>blasphemia,</em></span> <span class='ocrx_word' id='word_1_11' title='bbox 554 355 689 456; x_wconf 80' lang='lat' dir='ltr'>septem</span> <span class='ocrx_word' id='word_1_12' title='bbox 706 357 936 447; x_wconf 63' lang='lat' dir='ltr'><em>..montinum</em></span> <span class='ocrx_word' id='word_1_13' title='bbox 984 361 1087 460; x_wconf 81' lang='lat' dir='ltr'><em>aquia</em></span> 
     </span>
     <span class='ocr_line' id='line_1_3' title="bbox 52 465 1090 570; baseline -0.001 -22"><span class='ocrx_word' id='word_1_14' title='bbox 52 528 77 570; x_wconf 81' lang='lat'><em>‚,</em></span> <span class='ocrx_word' id='word_1_15' title='bbox 107 471 259 557; x_wconf 83' lang='lat' dir='ltr'><em>moltis,</em></span> <span class='ocrx_word' id='word_1_16' title='bbox 289 485 328 546; x_wconf 89' lang='lat' dir='ltr'><em>et</em></span> <span class='ocrx_word' id='word_1_17' title='bbox 356 467 547 569; x_wconf 81' lang='lat' dir='ltr'><em>Babylonis</em></span> <span class='ocrx_word' id='word_1_18' title='bbox 573 482 738 546; x_wconf 83' lang='lat' dir='ltr'><em>cantetur</em></span> <span class='ocrx_word' id='word_1_19' title='bbox 765 471 889 554; x_wconf 86' lang='lat' dir='ltr'><em>exitu,</em></span> <span class='ocrx_word' id='word_1_20' title='bbox 934 465 1090 557; x_wconf 78' lang='lat' dir='ltr'><em>contae-</em></span> 
     </span>
     <span class='ocr_line' id='line_1_4' title="bbox 53 578 1088 681; baseline -0.004 -20"><span class='ocrx_word' id='word_1_21' title='bbox 53 639 77 681; x_wconf 80' lang='lat'><em>‚,</em></span> <span class='ocrx_word' id='word_1_22' title='bbox 106 608 146 661; x_wconf 81' lang='lat' dir='ltr'><em>te</em></span> <span class='ocrx_word' id='word_1_23' title='bbox 160 640 193 677; x_wconf 87' lang='lat'><em>‚,.</em></span> <span class='ocrx_word' id='word_1_24' title='bbox 253 578 358 658; x_wconf 86' lang='lat' dir='ltr'><em>Exite</em></span> <span class='ocrx_word' id='word_1_25' title='bbox 388 583 505 675; x_wconf 81' lang='lat' dir='ltr'><em>iuquit</em></span> <span class='ocrx_word' id='word_1_26' title='bbox 534 579 728 665; x_wconf 85' lang='lat' dir='ltr'><em>Dominus,</em></span> <span class='ocrx_word' id='word_1_27' title='bbox 776 579 818 657; x_wconf 82' lang='lat' dir='ltr'><em>do</em></span> <span class='ocrx_word' id='word_1_28' title='bbox 844 579 926 657; x_wconf 84' lang='lat' dir='ltr'><em>iila·</em></span> <span class='ocrx_word' id='word_1_29' title='bbox 938 582 1088 679; x_wconf 84' lang='lat' dir='ltr'><em>papulus</em></span> 
     </span>
     <span class='ocr_line' id='line_1_5' title="bbox 53 689 1090 790; baseline -0.003 -15"><span class='ocrx_word' id='word_1_30' title='bbox 53 718 175 781; x_wconf 80' lang='lat' dir='ltr'><em>meus.</em></span> <span class='ocrx_word' id='word_1_31' title='bbox 205 704 238 770; x_wconf 85' lang='lat' dir='ltr'><em>et</em></span> <span class='ocrx_word' id='word_1_32' title='bbox 267 716 310 768; x_wconf 81' lang='lat' dir='ltr'><em>aa</em></span> <span class='ocrx_word' id='word_1_33' title='bbox 328 693 516 790; x_wconf 75' lang='lat' dir='ltr'><em>participes</em></span> <span class='ocrx_word' id='word_1_34' title='bbox 536 689 613 784; x_wconf 81' lang='lat' dir='ltr'><em>fitis</em></span> <span class='ocrx_word' id='word_1_35' title='bbox 634 690 837 768; x_wconf 75' lang='lat' dir='ltr'><em>delitiarum</em></span> <span class='ocrx_word' id='word_1_36' title='bbox 853 697 950 780; x_wconf 80' lang='lat' dir='ltr'><em>eins,</em></span> <span class='ocrx_word' id='word_1_37' title='bbox 978 705 1015 770; x_wconf 84' lang='lat' dir='ltr'><em>et</em></span> <span class='ocrx_word' id='word_1_38' title='bbox 1044 695 1090 772; x_wconf 77' lang='lat' dir='ltr'><em>aa</em></span> 
     </span>
     <span class='ocr_line' id='line_1_6' title="bbox 53 802 1090 910; baseline -0.002 -24"><span class='ocrx_word' id='word_1_39' title='bbox 53 808 171 910; x_wconf 79' lang='lat' dir='ltr'><em>plagis</em></span> <span class='ocrx_word' id='word_1_40' title='bbox 200 810 272 882; x_wconf 87' lang='lat' dir='ltr'><em>eius</em></span> <span class='ocrx_word' id='word_1_41' title='bbox 305 828 375 879; x_wconf 86' lang='lat' dir='ltr'><em>nan</em></span> <span class='ocrx_word' id='word_1_42' title='bbox 404 804 597 901; x_wconf 74' lang='lat' dir='ltr'><em>accipiatis.</em></span> <span class='ocrx_word' id='word_1_43' title='bbox 653 857 675 896; x_wconf 85' lang='lat'><em>‚‚</em></span> <span class='ocrx_word' id='word_1_44' title='bbox 693 803 748 880; x_wconf 83' lang='lat' dir='ltr'><em>Ad</em></span> <span class='ocrx_word' id='word_1_45' title='bbox 779 802 964 884; x_wconf 83' lang='lat' dir='ltr'><em>letemiam</em></span> <span class='ocrx_word' id='word_1_46' title='bbox 995 827 1090 908; x_wconf 76' lang='lat' dir='ltr'><em>qoo-</em></span> 
     </span>
     <span class='ocr_line' id='line_1_7' title="bbox 55 915 1091 1021; baseline -0.011 -25"><span class='ocrx_word' id='word_1_47' title='bbox 55 974 77 1016; x_wconf 79' lang='lat'>„</span> <span class='ocrx_word' id='word_1_48' title='bbox 107 943 181 1021; x_wconf 85' lang='lat' dir='ltr'><em>que</em></span> <span class='ocrx_word' id='word_1_49' title='bbox 205 918 411 1017; x_wconf 84' lang='lat' dir='ltr'><em>regrediens</em></span> <span class='ocrx_word' id='word_1_50' title='bbox 441 915 611 1014; x_wconf 82' lang='lat' dir='ltr'><em>scriptum</em></span> <span class='ocrx_word' id='word_1_51' title='bbox 638 917 769 1017; x_wconf 83' lang='lat' dir='ltr'><em>pariter</em></span> <span class='ocrx_word' id='word_1_52' title='bbox 796 918 942 994; x_wconf 86' lang='lat' dir='ltr'><em>attende</em></span> <span class='ocrx_word' id='word_1_53' title='bbox 954 943 990 1013; x_wconf 83' lang='lat'><em>„3</em></span> <span class='ocrx_word' id='word_1_54' title='bbox 1023 919 1091 995; x_wconf 77' lang='lat' dir='ltr'><em>m.</em></span> 
     </span>
     <span class='ocr_line' id='line_1_8' title="bbox 48 1024 1092 1132; baseline 0.001 -23"><span class='ocrx_word' id='word_1_55' title='bbox 48 1030 130 1132; x_wconf 71' lang='lat' dir='ltr'><em>gite</em></span> <span class='ocrx_word' id='word_1_56' title='bbox 164 1031 204 1106; x_wconf 77' lang='lat' dir='ltr'><em>aie</em></span> <span class='ocrx_word' id='word_1_57' title='bbox 236 1029 349 1105; x_wconf 82' lang='lat' dir='ltr'><em>madio</em></span> <span class='ocrx_word' id='word_1_58' title='bbox 381 1024 584 1120; x_wconf 72' lang='lat' dir='ltr'><em>Babylonis.</em></span> <span class='ocrx_word' id='word_1_59' title='bbox 633 1038 667 1104; x_wconf 84' lang='lat' dir='ltr'><em>et</em></span> <span class='ocrx_word' id='word_1_60' title='bbox 687 1024 831 1125; x_wconf 78' lang='lat' dir='ltr'><em>fialaata</em></span> <span class='ocrx_word' id='word_1_61' title='bbox 858 1028 1092 1128; x_wconf 73' lang='lat' dir='ltr'><em>unusquisque</em></span> 
     </span>
     <span class='ocr_line' id='line_1_9' title="bbox 55 1136 1092 1243; baseline -0.009 -22"><span class='ocrx_word' id='word_1_62' title='bbox 55 1149 216 1224; x_wconf 84' lang='lat' dir='ltr'><em>animam</em></span> <span class='ocrx_word' id='word_1_63' title='bbox 236 1140 352 1243; x_wconf 71' lang='lat' dir='ltr'><em>fuam.</em></span> <span class='ocrx_word' id='word_1_64' title='bbox 391 1139 524 1216; x_wconf 77' lang='lat' dir='ltr'><em>Cecidit</em></span> <span class='ocrx_word' id='word_1_65' title='bbox 553 1141 670 1228; x_wconf 86' lang='lat' dir='ltr'><em>euim,</em></span> <span class='ocrx_word' id='word_1_66' title='bbox 689 1139 813 1215; x_wconf 82' lang='lat' dir='ltr'><em>cecidit</em></span> <span class='ocrx_word' id='word_1_67' title='bbox 833 1136 988 1234; x_wconf 73' lang='lat' dir='ltr'><em>Babylon</em></span> <span class='ocrx_word' id='word_1_68' title='bbox 1012 1166 1092 1223; x_wconf 79' lang='lat' dir='ltr'><em>ma.</em></span> 
     </span>
     <span class='ocr_line' id='line_1_10' title="bbox 49 1248 1094 1356; baseline -0.001 -24"><span class='ocrx_word' id='word_1_69' title='bbox 49 1281 151 1356; x_wconf 81' lang='lat' dir='ltr'><em>gna,</em></span> <span class='ocrx_word' id='word_1_70' title='bbox 191 1265 225 1331; x_wconf 81' lang='lat' dir='ltr'><em>ei</em></span> <span class='ocrx_word' id='word_1_71' title='bbox 240 1250 343 1354; x_wconf 62' lang='lat' dir='ltr'><em>faita</em></span> <span class='ocrx_word' id='word_1_72' title='bbox 363 1248 410 1338; x_wconf 80' lang='lat' dir='ltr'><em>til</em></span> <span class='ocrx_word' id='word_1_73' title='bbox 438 1249 611 1355; x_wconf 73' lang='lat' dir='ltr'><em>habitatio</em></span> <span class='ocrx_word' id='word_1_74' title='bbox 636 1251 847 1338; x_wconf 72' lang='lat' dir='ltr'><em>numanam,</em></span> <span class='ocrx_word' id='word_1_75' title='bbox 890 1263 925 1327; x_wconf 83' lang='lat' dir='ltr'><em>et</em></span> <span class='ocrx_word' id='word_1_76' title='bbox 944 1251 1094 1343; x_wconf 81' lang='lat' dir='ltr'><em>eullodia</em></span> 
     </span>
     <span class='ocr_line' id='line_1_11' title="bbox 45 1358 1177 1469; baseline -0.004 -25"><span class='ocrx_word' id='word_1_77' title='bbox 45 1368 205 1469; x_wconf 78' lang='lat' dir='ltr'><em>spiritus</em></span> <span class='ocrx_word' id='word_1_78' title='bbox 233 1363 417 1442; x_wconf 83' lang='lat' dir='ltr'><em>immundi.</em></span> <span class='ocrx_word' id='word_1_79' title='bbox 485 1410 508 1455; x_wconf 85' lang='lat'>„</span> <span class='ocrx_word' id='word_1_80' title='bbox 536 1358 597 1440; x_wconf 85' lang='lat' dir='ltr'><em>Est</em></span> <span class='ocrx_word' id='word_1_81' title='bbox 627 1360 775 1461; x_wconf 85' lang='lat' dir='ltr'><em>quidem</em></span> <span class='ocrx_word' id='word_1_82' title='bbox 803 1363 854 1439; x_wconf 87' lang='lat' dir='ltr'><em>ibi</em></span> <span class='ocrx_word' id='word_1_83' title='bbox 885 1362 996 1441; x_wconf 73' lang='lat' dir='ltr'><em>sanila</em></span> <span class='ocrx_word' id='word_1_84' title='bbox 1027 1362 1098 1446; x_wconf 83' lang='lat' dir='ltr'><em>Ee.</em></span> <span class='ocrx_word' id='word_1_85' title='bbox 1174 1432 1177 1439; x_wconf 86' lang='lat'><em>.</em></span> 
     </span>
     <span class='ocr_line' id='line_1_12' title="bbox 54 1471 1094 1577; baseline 0.001 -23"><span class='ocrx_word' id='word_1_86' title='bbox 54 1534 80 1575; x_wconf 85' lang='lat'>„</span> <span class='ocrx_word' id='word_1_87' title='bbox 110 1475 235 1562; x_wconf 81' lang='lat' dir='ltr'><em>elesa,</em></span> <span class='ocrx_word' id='word_1_88' title='bbox 267 1476 352 1554; x_wconf 84' lang='lat' dir='ltr'><em>sont</em></span> <span class='ocrx_word' id='word_1_89' title='bbox 371 1472 531 1574; x_wconf 77' lang='lat' dir='ltr'><em>trophaea</em></span> <span class='ocrx_word' id='word_1_90' title='bbox 553 1471 800 1572; x_wconf 83' lang='lat' dir='ltr'><em>apostolorum</em></span> <span class='ocrx_word' id='word_1_91' title='bbox 825 1489 862 1552; x_wconf 87' lang='lat' dir='ltr'><em>et</em></span> <span class='ocrx_word' id='word_1_92' title='bbox 879 1493 1094 1577; x_wconf 81' lang='lat' dir='ltr'><em>martyrum,</em></span> 
     </span>
     <span class='ocr_line' id='line_1_13' title="bbox 13 1582 1095 1688; baseline -0.009 -22"><span class='ocrx_word' id='word_1_93' title='bbox 13 1625 16 1629; x_wconf 95' lang='lat'>·</span> <span class='ocrx_word' id='word_1_94' title='bbox 57 1645 82 1686; x_wconf 85' lang='lat'><em>‚,</em></span> <span class='ocrx_word' id='word_1_95' title='bbox 114 1589 164 1666; x_wconf 91' lang='lat' dir='ltr'><em>est</em></span> <span class='ocrx_word' id='word_1_96' title='bbox 190 1587 322 1667; x_wconf 86' lang='lat' dir='ltr'><em>Christi</em></span> <span class='ocrx_word' id='word_1_97' title='bbox 350 1603 432 1664; x_wconf 77' lang='lat' dir='ltr'><em>veta</em></span> <span class='ocrx_word' id='word_1_98' title='bbox 459 1582 654 1671; x_wconf 78' lang='lat' dir='ltr'><em>conscilio,</em></span> <span class='ocrx_word' id='word_1_99' title='bbox 683 1585 734 1662; x_wconf 91' lang='lat' dir='ltr'><em>est</em></span> <span class='ocrx_word' id='word_1_100' title='bbox 756 1586 799 1663; x_wconf 85' lang='lat' dir='ltr'><em>ab</em></span> <span class='ocrx_word' id='word_1_101' title='bbox 820 1589 984 1687; x_wconf 86' lang='lat' dir='ltr'><em>apollolo</em></span> <span class='ocrx_word' id='word_1_102' title='bbox 1003 1614 1095 1688; x_wconf 74' lang='lat' dir='ltr'><em>pra.</em></span> 
     </span>
     <span class='ocr_line' id='line_1_14' title="bbox 57 1695 1097 1798; baseline 0 -20"><span class='ocrx_word' id='word_1_103' title='bbox 57 1759 83 1798; x_wconf 80' lang='lat'>„</span> <span class='ocrx_word' id='word_1_104' title='bbox 113 1701 229 1778; x_wconf 86' lang='lat' dir='ltr'><em>dicata</em></span> <span class='ocrx_word' id='word_1_105' title='bbox 256 1695 364 1784; x_wconf 81' lang='lat' dir='ltr'><em>fides,</em></span> <span class='ocrx_word' id='word_1_106' title='bbox 410 1710 448 1774; x_wconf 89' lang='lat' dir='ltr'><em>et</em></span> <span class='ocrx_word' id='word_1_107' title='bbox 476 1695 676 1796; x_wconf 84' lang='lat' dir='ltr'><em>gentilitate</em></span> <span class='ocrx_word' id='word_1_108' title='bbox 710 1695 839 1785; x_wconf 80' lang='lat' dir='ltr'><em>calcata</em></span> <span class='ocrx_word' id='word_1_109' title='bbox 871 1701 909 1775; x_wconf 87' lang='lat' dir='ltr'><em>in</em></span> <span class='ocrx_word' id='word_1_110' title='bbox 941 1700 1097 1785; x_wconf 77' lang='lat' dir='ltr'><em>sublima</em></span> 
     </span>
     <span class='ocr_line' id='line_1_15' title="bbox 60 1809 1129 1913; baseline 0.001 -23"><span class='ocrx_word' id='word_1_111' title='bbox 60 1871 86 1909; x_wconf 79' lang='lat'><em>,‚</em></span> <span class='ocrx_word' id='word_1_112' title='bbox 114 1812 148 1890; x_wconf 89' lang='lat' dir='ltr'><em>se</em></span> <span class='ocrx_word' id='word_1_113' title='bbox 169 1811 337 1913; x_wconf 83' lang='lat' dir='ltr'><em>quotidie</em></span> <span class='ocrx_word' id='word_1_114' title='bbox 357 1811 500 1908; x_wconf 83' lang='lat' dir='ltr'><em>erigens</em></span> <span class='ocrx_word' id='word_1_115' title='bbox 520 1809 735 1886; x_wconf 83' lang='lat' dir='ltr'><em>vocabalum</em></span> <span class='ocrx_word' id='word_1_116' title='bbox 753 1809 984 1890; x_wconf 87' lang='lat' dir='ltr'><em>christianum</em></span> <span class='ocrx_word' id='word_1_117' title='bbox 1002 1869 1012 1900; x_wconf 88' lang='lat'>,</span> <span class='ocrx_word' id='word_1_118' title='bbox 1033 1814 1096 1892; x_wconf 82' lang='lat' dir='ltr'><em>sed</em></span> <span class='ocrx_word' id='word_1_119' title='bbox 1128 1896 1129 1900; x_wconf 10' lang='lat' dir='ltr'><em>p</em></span> 
     </span>
     <span class='ocr_line' id='line_1_16' title="bbox 61 1921 1097 2025; baseline 0.003 -24"><span class='ocrx_word' id='word_1_120' title='bbox 61 1983 83 2020; x_wconf 88' lang='lat'>„</span> <span class='ocrx_word' id='word_1_121' title='bbox 114 1924 186 2025; x_wconf 86' lang='lat' dir='ltr'><em>ipsa</em></span> <span class='ocrx_word' id='word_1_122' title='bbox 202 1923 372 2009; x_wconf 84' lang='lat' dir='ltr'><em>ambitio,</em></span> <span class='ocrx_word' id='word_1_123' title='bbox 401 1924 589 2021; x_wconf 88' lang='lat' dir='ltr'><em>potentia,</em></span> <span class='ocrx_word' id='word_1_124' title='bbox 610 1921 826 2019; x_wconf 83' lang='lat' dir='ltr'><em>magnitudo</em></span> <span class='ocrx_word' id='word_1_125' title='bbox 844 1926 966 2011; x_wconf 81' lang='lat' dir='ltr'><em>urbis,</em></span> <span class='ocrx_word' id='word_1_126' title='bbox 997 1928 1097 2004; x_wconf 83' lang='lat' dir='ltr'><em>vide·</em></span> 
     </span>
     <span class='ocr_line' id='line_1_17' title="bbox 63 2031 1098 2132; baseline 0.003 -19"><span class='ocrx_word' id='word_1_127' title='bbox 63 2089 86 2132; x_wconf 83' lang='lat'>„</span> <span class='ocrx_word' id='word_1_128' title='bbox 114 2041 148 2114; x_wconf 76' lang='lat' dir='ltr'><em>ri</em></span> <span class='ocrx_word' id='word_1_129' title='bbox 177 2048 214 2113; x_wconf 87' lang='lat' dir='ltr'><em>et</em></span> <span class='ocrx_word' id='word_1_130' title='bbox 248 2035 393 2120; x_wconf 80' lang='lat' dir='ltr'><em>videte,</em></span> <span class='ocrx_word' id='word_1_131' title='bbox 424 2031 564 2109; x_wconf 83' lang='lat' dir='ltr'><em>salutari</em></span> <span class='ocrx_word' id='word_1_132' title='bbox 596 2046 632 2109; x_wconf 86' lang='lat' dir='ltr'><em>et</em></span> <span class='ocrx_word' id='word_1_133' title='bbox 660 2032 1028 2129; x_wconf 58' lang='lat' dir='ltr'><em>salamim-laudare,</em></span> <span class='ocrx_word' id='word_1_134' title='bbox 1056 2054 1098 2119; x_wconf 83' lang='lat' dir='ltr'><em>et</em></span> 
     </span>
     <span class='ocr_line' id='line_1_18' title="bbox 64 2143 1096 2248; baseline 0.001 -23"><span class='ocrx_word' id='word_1_135' title='bbox 64 2205 87 2244; x_wconf 85' lang='lat'>„</span> <span class='ocrx_word' id='word_1_136' title='bbox 117 2147 323 2233; x_wconf 83' lang='lat' dir='ltr'><em>detra-here,</em></span> <span class='ocrx_word' id='word_1_137' title='bbox 355 2143 412 2222; x_wconf 80' lang='lat' dir='ltr'><em>vel</em></span> <span class='ocrx_word' id='word_1_138' title='bbox 435 2145 559 2223; x_wconf 84' lang='lat' dir='ltr'><em>audire</em></span> <span class='ocrx_word' id='word_1_139' title='bbox 586 2143 642 2222; x_wconf 91' lang='lat' dir='ltr'><em>vel</em></span> <span class='ocrx_word' id='word_1_140' title='bbox 668 2145 865 2248; x_wconf 79' lang='lat' dir='ltr'><em>proloqui,</em></span> <span class='ocrx_word' id='word_1_141' title='bbox 896 2165 934 2225; x_wconf 86' lang='lat' dir='ltr'><em>et</em></span> <span class='ocrx_word' id='word_1_142' title='bbox 958 2161 1096 2231; x_wconf 83' lang='lat' dir='ltr'><em>tantam</em></span> 
     </span>
     <span class='ocr_line' id='line_1_19' title="bbox 64 2250 1095 2361; baseline 0.001 -23"><span class='ocrx_word' id='word_1_143' title='bbox 64 2261 354 2361; x_wconf 82' lang='lat' dir='ltr'><em>„frequentiam</em></span> <span class='ocrx_word' id='word_1_144' title='bbox 384 2257 577 2335; x_wconf 82' lang='lat' dir='ltr'><em>hominum</em></span> <span class='ocrx_word' id='word_1_145' title='bbox 609 2255 730 2347; x_wconf 82' lang='lat' dir='ltr'><em>saltem</em></span> <span class='ocrx_word' id='word_1_146' title='bbox 762 2259 916 2353; x_wconf 79' lang='lat' dir='ltr'><em>invitum</em></span> <span class='ocrx_word' id='word_1_147' title='bbox 951 2250 1095 2353; x_wconf 80' lang='lat' dir='ltr'><em>videm.</em></span> 
     </span>
     <span class='ocr_line' id='line_1_20' title="bbox 63 2360 1097 2475; baseline 0.003 -27"><span class='ocrx_word' id='word_1_148' title='bbox 63 2430 87 2468; x_wconf 86' lang='lat'>„</span> <span class='ocrx_word' id='word_1_149' title='bbox 116 2397 136 2448; x_wconf 91' lang='lat' dir='ltr'><em>a</em></span> <span class='ocrx_word' id='word_1_150' title='bbox 169 2368 358 2475; x_wconf 75' lang='lat' dir='ltr'><em>proposito</em></span> <span class='ocrx_word' id='word_1_151' title='bbox 394 2368 689 2456; x_wconf 77' lang='lat' dir='ltr'><em>monachorum,</em></span> <span class='ocrx_word' id='word_1_152' title='bbox 752 2382 791 2446; x_wconf 90' lang='lat' dir='ltr'><em>et</em></span> <span class='ocrx_word' id='word_1_153' title='bbox 830 2374 952 2472; x_wconf 85' lang='lat' dir='ltr'><em>quiete</em></span> <span class='ocrx_word' id='word_1_154' title='bbox 984 2360 1097 2455; x_wconf 78' lang='lat' dir='ltr'><em>aliena</em></span> 
     </span>
     <span class='ocr_line' id='line_1_21' title="bbox 63 2476 1096 2580; baseline -0.001 -18"><span class='ocrx_word' id='word_1_155' title='bbox 63 2541 88 2580; x_wconf 85' lang='lat'>„</span> <span class='ocrx_word' id='word_1_156' title='bbox 115 2482 244 2576; x_wconf 84' lang='lat' dir='ltr'><em>sant„.</em></span> <span class='ocrx_word' id='word_1_157' title='bbox 302 2480 489 2579; x_wconf 82' lang='lat' dir='ltr'><em>lntegmm</em></span> <span class='ocrx_word' id='word_1_158' title='bbox 514 2476 650 2558; x_wconf 79' lang='lat' dir='ltr'><em>necesse</em></span> <span class='ocrx_word' id='word_1_159' title='bbox 668 2479 737 2558; x_wconf 87' lang='lat' dir='ltr'><em>suit</em></span> <span class='ocrx_word' id='word_1_160' title='bbox 757 2482 937 2561; x_wconf 87' lang='lat' dir='ltr'><em>recensere</em></span> <span class='ocrx_word' id='word_1_161' title='bbox 957 2484 1096 2575; x_wconf 82' lang='lat' dir='ltr'><em>lacum.</em></span> 
     </span>
     <span class='ocr_line' id='line_1_22' title="bbox 65 2590 1099 2692; baseline -0.001 -15"><span class='ocrx_word' id='word_1_162' title='bbox 65 2600 167 2677; x_wconf 85' lang='lat' dir='ltr'><em>utin</em></span> <span class='ocrx_word' id='word_1_163' title='bbox 196 2594 314 2674; x_wconf 88' lang='lat' dir='ltr'><em>Roma</em></span> <span class='ocrx_word' id='word_1_164' title='bbox 329 2607 420 2670; x_wconf 85' lang='lat' dir='ltr'><em>tunc</em></span> <span class='ocrx_word' id='word_1_165' title='bbox 443 2594 605 2692; x_wconf 77' lang='lat' dir='ltr'><em>quamvis</em></span> <span class='ocrx_word' id='word_1_166' title='bbox 633 2590 728 2669; x_wconf 83' lang='lat' dir='ltr'><em>hand</em></span> <span class='ocrx_word' id='word_1_167' title='bbox 753 2594 978 2691; x_wconf 81' lang='lat' dir='ltr'><em>integra(ot</em></span> <span class='ocrx_word' id='word_1_168' title='bbox 1005 2614 1099 2676; x_wconf 85' lang='lat' dir='ltr'><em>mox</em></span> 
     </span>
     <span class='ocr_line' id='line_1_23' title="bbox 64 2702 1100 2804; baseline -0.006 -17"><span class='ocrx_word' id='word_1_169' title='bbox 64 2702 294 2794; x_wconf 76' lang='lat' dir='ltr'><em>videbimus)</em></span> <span class='ocrx_word' id='word_1_170' title='bbox 318 2704 526 2791; x_wconf 80' lang='lat' dir='ltr'><em>christiana,</em></span> <span class='ocrx_word' id='word_1_171' title='bbox 565 2706 666 2801; x_wconf 84' lang='lat' dir='ltr'><em>pium</em></span> <span class='ocrx_word' id='word_1_172' title='bbox 693 2704 739 2779; x_wconf 89' lang='lat' dir='ltr'><em>ab</em></span> <span class='ocrx_word' id='word_1_173' title='bbox 768 2705 905 2804; x_wconf 88' lang='lat' dir='ltr'><em>impio,</em></span> <span class='ocrx_word' id='word_1_174' title='bbox 951 2705 1100 2804; x_wconf 78' lang='lat' dir='ltr'><em>religio.</em></span> 
     </span>
     <span class='ocr_line' id='line_1_24' title="bbox 66 2814 1101 2916; baseline -0.01 -18"><span class='ocrx_word' id='word_1_175' title='bbox 66 2821 147 2900; x_wconf 84' lang='lat' dir='ltr'><em>sam</em></span> <span class='ocrx_word' id='word_1_176' title='bbox 164 2821 215 2896; x_wconf 87' lang='lat' dir='ltr'><em>ab</em></span> <span class='ocrx_word' id='word_1_177' title='bbox 242 2815 463 2916; x_wconf 76' lang='lat' dir='ltr'><em>irreligioso,</em></span> <span class='ocrx_word' id='word_1_178' title='bbox 490 2815 626 2891; x_wconf 73' lang='lat' dir='ltr'><em>retium</em></span> <span class='ocrx_word' id='word_1_179' title='bbox 647 2839 667 2890; x_wconf 85' lang='lat' dir='ltr'><em>a</em></span> <span class='ocrx_word' id='word_1_180' title='bbox 692 2814 857 2913; x_wconf 87' lang='lat' dir='ltr'><em>perverso</em></span> <span class='ocrx_word' id='word_1_181' title='bbox 880 2815 1101 2908; x_wconf 73' lang='lat' dir='ltr'><em>discrimine.</em></span> 
     </span>
     <span class='ocr_line' id='line_1_25' title="bbox 66 2923 1178 3016; baseline -0.001 -5"><span class='ocrx_word' id='word_1_182' title='bbox 66 2945 139 3011; x_wconf 78' lang='lat' dir='ltr'><em>tar.</em></span> <span class='ocrx_word' id='word_1_183' title='bbox 199 2929 297 3009; x_wconf 85' lang='lat' dir='ltr'><em>idem</em></span> <span class='ocrx_word' id='word_1_184' title='bbox 326 2927 426 3016; x_wconf 66' lang='lat' dir='ltr'><em>alin</em></span> <span class='ocrx_word' id='word_1_185' title='bbox 451 2926 507 3002; x_wconf 85' lang='lat' dir='ltr'><em>illa</em></span> <span class='ocrx_word' id='word_1_186' title='bbox 533 2926 591 3004; x_wconf 86' lang='lat' dir='ltr'><em>lla.</em></span> <span class='ocrx_word' id='word_1_187' title='bbox 612 2950 645 3004; x_wconf 84' lang='lat' dir='ltr'><em>c.</em></span> <span class='ocrx_word' id='word_1_188' title='bbox 667 2923 817 3006; x_wconf 75' lang='lat' dir='ltr'><em>xle.</em></span> <span class='ocrx_word' id='word_1_189' title='bbox 844 2931 950 3006; x_wconf 78' lang='lat' dir='ltr'><em>verba</em></span> <span class='ocrx_word' id='word_1_190' title='bbox 970 2935 1100 3011; x_wconf 84' lang='lat' dir='ltr'><em>attrita</em></span> <span class='ocrx_word' id='word_1_191' title='bbox 1176 2926 1178 2930; x_wconf 67' lang='grc'>’</span> 
     </span>
     <span class='ocr_line' id='line_1_26' title="bbox 66 3035 1102 3144; baseline 0.004 -24"><span class='ocrx_word' id='word_1_192' title='bbox 66 3040 114 3136; x_wconf 71' lang='lat' dir='ltr'><em>eil</em></span> <span class='ocrx_word' id='word_1_193' title='bbox 136 3035 464 3120; x_wconf 75' lang='lat' dir='ltr'><em>aivitas&#39;vauiiatis</em></span> <span class='ocrx_word' id='word_1_194' title='bbox 498 3035 572 3124; x_wconf 76' lang='lat' dir='ltr'><em>&amp;a</em></span> <span class='ocrx_word' id='word_1_195' title='bbox 629 3091 652 3130; x_wconf 81' lang='lat'><strong>„</strong></span> <span class='ocrx_word' id='word_1_196' title='bbox 682 3037 892 3136; x_wconf 83' lang='lat' dir='ltr'><em>Inger-amns</em></span> <span class='ocrx_word' id='word_1_197' title='bbox 925 3043 1102 3144; x_wconf 84' lang='lat' dir='ltr'><em>(inquit)</em></span> 
     </span>
     <span class='ocr_line' id='line_1_27' title="bbox 67 3149 1105 3252; baseline 0.003 -19"><span class='ocrx_word' id='word_1_198' title='bbox 67 3206 92 3252; x_wconf 85' lang='lat'>„</span> <span class='ocrx_word' id='word_1_199' title='bbox 123 3157 197 3232; x_wconf 88' lang='lat' dir='ltr'><em>hoc</em></span> <span class='ocrx_word' id='word_1_200' title='bbox 222 3155 467 3232; x_wconf 83' lang='lat' dir='ltr'><em>testimoniam</em></span> <span class='ocrx_word' id='word_1_201' title='bbox 497 3149 572 3239; x_wconf 81' lang='lat' dir='ltr'><em>hie,</em></span> <span class='ocrx_word' id='word_1_202' title='bbox 603 3153 666 3250; x_wconf 85' lang='lat' dir='ltr'><em>qul</em></span> <span class='ocrx_word' id='word_1_203' title='bbox 692 3153 729 3225; x_wconf 86' lang='lat' dir='ltr'><em>in</em></span> <span class='ocrx_word' id='word_1_204' title='bbox 752 3152 929 3230; x_wconf 79' lang='lat' dir='ltr'><em>conviviis</em></span> <span class='ocrx_word' id='word_1_205' title='bbox 952 3179 1028 3234; x_wconf 89' lang='lat' dir='ltr'><em>non</em></span> <span class='ocrx_word' id='word_1_206' title='bbox 1046 3157 1105 3236; x_wconf 85' lang='lat' dir='ltr'><em>so·</em></span> 
     </span>
     <span class='ocr_line' id='line_1_28' title="bbox 66 3261 1102 3365; baseline 0.005 -21"><span class='ocrx_word' id='word_1_207' title='bbox 66 3325 92 3364; x_wconf 85' lang='lat'><em>‚‚</em></span> <span class='ocrx_word' id='word_1_208' title='bbox 122 3268 199 3346; x_wconf 91' lang='lat' dir='ltr'><em>lum</em></span> <span class='ocrx_word' id='word_1_209' title='bbox 223 3265 306 3365; x_wconf 87' lang='lat' dir='ltr'><em>gula</em></span> <span class='ocrx_word' id='word_1_210' title='bbox 323 3278 360 3342; x_wconf 86' lang='lat' dir='ltr'><em>et</em></span> <span class='ocrx_word' id='word_1_211' title='bbox 378 3265 572 3349; x_wconf 77' lang='lat' dir='ltr'><em>ebrietate,</em></span> <span class='ocrx_word' id='word_1_212' title='bbox 601 3261 661 3338; x_wconf 91' lang='lat' dir='ltr'><em>sed</em></span> <span class='ocrx_word' id='word_1_213' title='bbox 681 3276 719 3338; x_wconf 86' lang='lat' dir='ltr'><em>et</em></span> <span class='ocrx_word' id='word_1_214' title='bbox 738 3262 883 3342; x_wconf 70' lang='lat' dir='ltr'><em>autibus</em></span> <span class='ocrx_word' id='word_1_215' title='bbox 903 3264 1102 3363; x_wconf 82' lang='lat' dir='ltr'><em>luxuriant,</em></span> 
     </span>
     <span class='ocr_line' id='line_1_29' title="bbox 65 3374 1102 3477; baseline 0.003 -19"><span class='ocrx_word' id='word_1_216' title='bbox 65 3437 91 3476; x_wconf 85' lang='lat'><em>,‚</em></span> <span class='ocrx_word' id='word_1_217' title='bbox 123 3393 164 3458; x_wconf 90' lang='lat' dir='ltr'><em>ut</em></span> <span class='ocrx_word' id='word_1_218' title='bbox 184 3403 247 3477; x_wconf 86' lang='lat' dir='ltr'><em>per</em></span> <span class='ocrx_word' id='word_1_219' title='bbox 269 3401 396 3454; x_wconf 81' lang='lat' dir='ltr'><em>omnes</em></span> <span class='ocrx_word' id='word_1_220' title='bbox 423 3374 539 3452; x_wconf 88' lang='lat' dir='ltr'><em>sensus</em></span> <span class='ocrx_word' id='word_1_221' title='bbox 559 3376 685 3451; x_wconf 85' lang='lat' dir='ltr'><em>animae</em></span> <span class='ocrx_word' id='word_1_222' title='bbox 705 3374 885 3453; x_wconf 81' lang='lat' dir='ltr'><em>fortitudo</em></span> <span class='ocrx_word' id='word_1_223' title='bbox 910 3376 1102 3463; x_wconf 82' lang='lat' dir='ltr'><em>mollescat.</em></span> 
     </span>
     <span class='ocr_line' id='line_1_30' title="bbox 65 3485 1117 3594; baseline -0.003 -25"><span class='ocrx_word' id='word_1_224' title='bbox 65 3549 92 3587; x_wconf 80' lang='lat'>„</span> <span class='ocrx_word' id='word_1_225' title='bbox 124 3492 307 3569; x_wconf 85' lang='lat' dir='ltr'><em>Attetetur</em></span> <span class='ocrx_word' id='word_1_226' title='bbox 332 3485 565 3581; x_wconf 16' lang='lat' dir='ltr'><em>civitam-vel</em></span> <span class='ocrx_word' id='word_1_227' title='bbox 596 3485 782 3587; x_wconf 83' lang='lat' dir='ltr'><em>spiritualis</em></span> <span class='ocrx_word' id='word_1_228' title='bbox 800 3487 988 3590; x_wconf 82' lang='lat' dir='ltr'><em>Babylon,</em></span> <span class='ocrx_word' id='word_1_229' title='bbox 1022 3514 1117 3594; x_wconf 0' lang='lat' dir='ltr'><em>qumi</em></span> 
     </span>
     <span class='ocr_line' id='line_1_31' title="bbox 65 3601 1107 3708; baseline 0.001 -28"><span class='ocrx_word' id='word_1_230' title='bbox 65 3662 92 3702; x_wconf 65' lang='lat' dir='ltr'><em>a</em></span> <span class='ocrx_word' id='word_1_231' title='bbox 127 3603 224 3680; x_wconf 85' lang='lat' dir='ltr'><em>sedet</em></span> <span class='ocrx_word' id='word_1_232' title='bbox 244 3607 279 3677; x_wconf 85' lang='lat' dir='ltr'><em>io</em></span> <span class='ocrx_word' id='word_1_233' title='bbox 297 3601 430 3702; x_wconf 82' lang='lat' dir='ltr'><em>septem</em></span> <span class='ocrx_word' id='word_1_234' title='bbox 451 3601 635 3675; x_wconf 84' lang='lat' dir='ltr'><em>monti-bas</em></span> <span class='ocrx_word' id='word_1_235' title='bbox 658 3616 876 3699; x_wconf 84' lang='lat' dir='ltr'><em>purpurata,</em></span> <span class='ocrx_word' id='word_1_236' title='bbox 901 3608 1003 3680; x_wconf 86' lang='lat' dir='ltr'><em>culos</em></span> <span class='ocrx_word' id='word_1_237' title='bbox 1020 3605 1107 3708; x_wconf 83' lang='lat' dir='ltr'><em>sap·</em></span> 
     </span>
     <span class='ocr_line' id='line_1_32' title="bbox 64 3710 1106 3818; baseline -0.006 -28"><span class='ocrx_word' id='word_1_238' title='bbox 64 3772 92 3814; x_wconf 87' lang='lat'>„</span> <span class='ocrx_word' id='word_1_239' title='bbox 125 3715 229 3818; x_wconf 76' lang='lat' dir='ltr'><em>plicIa</em></span> <span class='ocrx_word' id='word_1_240' title='bbox 248 3717 283 3789; x_wconf 90' lang='lat' dir='ltr'><em>in</em></span> <span class='ocrx_word' id='word_1_241' title='bbox 312 3710 703 3813; x_wconf 74' lang='lat' dir='ltr'><em>apocalypsilohannis</em></span> <span class='ocrx_word' id='word_1_242' title='bbox 734 3711 899 3810; x_wconf 79' lang='lat' dir='ltr'><em>legimns.</em></span> <span class='ocrx_word' id='word_1_243' title='bbox 961 3712 1106 3808; x_wconf 82' lang='lat' dir='ltr'><em>Polme.</em></span> 
     </span>
     <span class='ocr_line' id='line_1_33' title="bbox 66 3822 1106 3930; baseline 0 -24"><span class='ocrx_word' id='word_1_244' title='bbox 66 3884 93 3926; x_wconf 86' lang='lat'>„</span> <span class='ocrx_word' id='word_1_245' title='bbox 126 3851 199 3930; x_wconf 89' lang='lat' dir='ltr'><em>que</em></span> <span class='ocrx_word' id='word_1_246' title='bbox 220 3825 311 3903; x_wconf 81' lang='lat' dir='ltr'><em>dixit</em></span> <span class='ocrx_word' id='word_1_247' title='bbox 336 3827 463 3903; x_wconf 82' lang='lat' dir='ltr'><em>urbem</em></span> <span class='ocrx_word' id='word_1_248' title='bbox 494 3825 678 3911; x_wconf 86' lang='lat' dir='ltr'><em>vanitatis,</em></span> <span class='ocrx_word' id='word_1_249' title='bbox 710 3822 920 3920; x_wconf 84' lang='lat' dir='ltr'><em>fienimde</em></span> <span class='ocrx_word' id='word_1_250' title='bbox 949 3826 1049 3902; x_wconf 87' lang='lat' dir='ltr'><em>coelo</em></span> <span class='ocrx_word' id='word_1_251' title='bbox 1068 3842 1106 3909; x_wconf 84' lang='lat' dir='ltr'><em>et</em></span> 
     </span>
    </p>
   </div>
   <div class='ocr_carea' id='block_1_3' title="bbox 117 3950 1063 4125">
    <p class='ocr_par' dir='ltr' id='par_1_3' title="bbox 117 3950 1063 4125">
     <span class='ocr_line' id='line_1_34' title="bbox 918 3950 1048 4030; baseline 0.038 -17"><span class='ocrx_word' id='word_1_252' title='bbox 918 3985 940 4030; x_wconf 83' lang='lat'>„</span> <span class='ocrx_word' id='word_1_253' title='bbox 955 3950 1048 4018; x_wconf 79' lang='lat' dir='ltr'><em>terra</em></span> 
     </span>
     <span class='ocr_line' id='line_1_35' title="bbox 117 4029 1063 4125; baseline -0.008 -17"><span class='ocrx_word' id='word_1_254' title='bbox 117 4040 153 4125; x_wconf 79' lang='lat' dir='ltr'><em>a)</em></span> <span class='ocrx_word' id='word_1_255' title='bbox 175 4034 339 4112; x_wconf 76' lang='lat' dir='ltr'><em>comment</em></span> <span class='ocrx_word' id='word_1_256' title='bbox 363 4030 417 4109; x_wconf 72' lang='lat' dir='ltr'><em>lib.</em></span> <span class='ocrx_word' id='word_1_257' title='bbox 440 4032 520 4107; x_wconf 76' lang='lat' dir='ltr'><em>llll.</em></span> <span class='ocrx_word' id='word_1_258' title='bbox 545 4032 582 4108; x_wconf 71' lang='lat' dir='ltr'><em>i.</em></span> <span class='ocrx_word' id='word_1_259' title='bbox 607 4029 660 4105; x_wconf 91' lang='lat' dir='ltr'><em>lll.</em></span> <span class='ocrx_word' id='word_1_260' title='bbox 681 4050 711 4119; x_wconf 81' lang='lat' dir='ltr'><em>p.</em></span> <span class='ocrx_word' id='word_1_261' title='bbox 737 4050 807 4117; x_wconf 66' lang='grc' dir='ltr'><em>Μ.</em></span> <span class='ocrx_word' id='word_1_262' title='bbox 909 4096 911 4101; x_wconf 79' lang='grc'>,</span> <span class='ocrx_word' id='word_1_263' title='bbox 1061 4096 1063 4101; x_wconf 89' lang='grc'><strong>,</strong></span> 
     </span>
    </p>
   </div>
   <div class='ocr_carea' id='block_1_4' title="bbox 0 0 1219 4478">
    <p class='ocr_par' dir='ltr' id='par_1_4' title="bbox 0 0 1219 4478">
     <span class='ocr_line' id='line_1_36' title="bbox 0 0 1219 4478; baseline 0 0"><span class='ocrx_word' id='word_1_264' title='bbox 0 0 1219 4478; x_wconf 95' lang='lat' dir='ltr'><em> </em></span> 
     </span>
    </p>
   </div>
  </div>
 </body>
</html>
