2438 4470
425 134 841 271 numeratu

110 371 236 465 pora,
275 338 430 457 'quitus
464 336 679 446 solvendus
705 363 807 427 mox
831 333 979 447 dicitur
1004 333 1139 440 satam

110 459 162 545 de
188 483 273 572 quo
284 455 408 650 prius
429 449 537 537 dicit
553 451 717 538 loannes
742 451 793 538 V.
815 485 849 541 ι.
869 474 909 537 et
934 484 976 540 2.
996 450 1139 538 vidiffe

110 569 150 659 se
189 590 360 671 angerem
394 561 669 665 descendentem
695 560 743 647 de
772 565 892 659 cala,
944 561 1140 648 habentne

108 683 252 772 clavem
281 673 422 786 abyffl,
463 693 501 756 et
529 694 698 762 catenam
738 701 911 786 magnatn
939 673 981 758 t'n
1021 701 1140 760 mann

99 788 187 904 sna.
236 787 301 873 Et
322 784 561 915 apprehendit
584 784 802 884 draconem,
832 783 1039 897 serpentem
1066 815 1137 871 an.

107 902 276 1012 tiquam,
302 925 367 1012 qut
391 893 440 1002 est
464 895 658 994 diabolas,
684 916 722 980 et
730 894 911 1006 satanas,
938 915 976 980 et
991 897 1135 1007 ligavit

105 1038 189 1100 enen
203 1031 272 1123 per
288 1011 386 1095 mille
405 1035 532 1092 annot.
591 1009 773 1122 Nempe,
800 1074 822 1110 „
838 1031 884 1095 ut
900 1006 922 1118 (
935 1008 1026 1095 sunt
1045 1037 1134 1095 ver-

104 1188 129 1226 „
159 1122 207 1208 ba
228 1120 272 1210 S.
285 1120 499 1233 Augustini
515 1117 637 1206 LXX.
659 1119 710 1205 de
724 1121 800 1208 civ.
816 1122 889 1206 Dei
906 1146 940 1206 c.
959 1152 997 1226 7.
1016 1121 1131 1235 n.3.)

104 1298 128 1340 „
155 1239 233 1319 iam
254 1256 338 1318 non
355 1228 517 1318 seducat
539 1256 704 1343 gentes,
730 1259 780 1316 ex
806 1233 957 1346 quibus
981 1235 1133 1318 cunstat

103 1410 126 1452 ,‚
155 1341 345 1442 Ecclefia,
371 1369 470 1458 quas
493 1367 610 1427 antea.
628 1341 806 1430 seductas
822 1343 999 1440 tenebat,
1019 1369 1130 1430 ante·

103 1522 127 1563 ,
155 1484 276 1574 quam
294 1452 389 1540 esset
410 1451 592 1540 Ecclesia.
649 1455 739 1540 Nec
756 1457 862 1540 euim
880 1454 1032 1541 dietum
1052 1457 1129 1553 est,

101 1632 126 1674 „
155 1596 201 1654 ut
219 1595 300 1653 non
317 1564 522 1655 seduceret
538 1565 737 1680 aliquem;
753 1564 826 1673 fi’d
837 1583 881 1650 ut
895 1595 969 1666 non
976 1564 1130 1673 seduce-

102 1743 126 1785 „
153 1700 238 1776 ret,
252 1678 403 1789 inquit,
413 1696 570 1785 genter,
587 1681 625 1762 in
644 1675 795 1790 quibus
805 1677 1015 1764 Ecclesiam
1031 1704 1130 1790 pro·

102 1853 126 1896 „
156 1789 220 1877 cui
236 1787 366 1872 dubio
379 1786 689 1902 voluitinteiligi
700 1852 733 1889 „.
747 1789 1030 1901 Etposteac.8.
1041 1814 1129 1876 mr.

100 1963 124 2004 „
153 1898 342 2011 Alligatio
368 1895 513 1984 diaboli
545 1898 712 1984 estnon
741 1903 919 2015 permitti
940 1926 1126 1987 exercere

100 2077 123 2118 „
154 2036 276 2096 totam
303 2011 582 2104 tentationem,
610 2035 733 2123 quam
756 2012 889 2125 potest
907 2010 971 2096 uel
995 2014 1036 2098 vi
1058 2012 1125 2099 vel

7 2223 10 2233 ,
100 2188 124 2227 „
152 2121 249 2207 dolo
265 2119 314 2207 ad
328 2119 573 2206 seducendos·
588 2117 771 2207 homines
789 2123 829 2204 in
843 2145 999 2230 partem
1012 2124 1124 2212 suam

97 2298 122 2338 „
150 2232 334 2346 cogendo
384 2230 609 2326 violenter,
662 2227 1017 2343 fraudulenterque
1046 2229 1124 2319 fal.

99 2411 123 2450 ‚,
152 2344 288 2431 lenda
355 2343 480 2456 Qtod
500 2343 527 2427 fi
551 2347 850 2455 permitteretur
870 2344 911 2425 in
929 2367 1012 2455 pam>
1031 2341 1123 2433 lon·
1149 2393 1153 2404 «

98 2521 122 2561 „
151 2485 204 2570 go
223 2480 428 2566 tempore,
453 2478 493 2538 et
512 2479 615 2539 tanta
635 2453 1127 2558 infirmitatemultorum,

96 2633 119 2671 „
149 2567 347 2683 plurimos
369 2563 487 2657 tales,
514 2565 651 2761 pudes
671 2567 781 2655 Deus
802 2565 843 2652 id
866 2569 1019 2679 perpeti
1036 2597 1121 2656 nun

96 2743 120 2784 „
147 2679 258 2774 vult,
297 2703 337 2764 et
358 2675 492 2763 fideles
549 2679 726 2775 eiiceret,
771 2701 811 2763 et
836 2705 886 2762 ne
911 2678 1120 2768 crederent

94 2855 117 2893 „
146 2787 381 2901 impediret:
411 2787 525 2900 quod
543 2815 593 2873 ne
609 2784 778 2886 faceret,
805 2787 986 2904 alligatus
1011 2795 1116 2896 eie„

94 2903 161 2987 Sic
183 2905 299 2985 etiam
318 2897 500 2986 diabolus
524 2901 713 3013 princeps
729 2899 850 2987 huius
872 2902 1014 2987 mundi
1037 2907 1119 2989 eie-

94 3038 184 3098 ctus
212 3007 318 3096 foras
343 3009 509 3106 dicitur,
553 3034 707 3098 utnon
738 3038 812 3127 pro
840 3011 906 3098 sua
932 3014 1120 3114 libidine,

91 3147 170 3211 nee
197 3121 265 3208 uifi
292 3120 417 3208 veluti
443 3120 605 3207 vibratis
630 3122 739 3219 telis,
812 3153 872 3210 ute
897 3126 952 3213 D.
971 3124 1116 3214 Paulus

90 3231 238 3347 Ephes.
254 3233 320 3321 Vl.
342 3247 404 3322 16.
421 3256 537 3320 vocat
563 3235 638 3318 tela
657 3152 856 3347 nequipdnti
879 3237 1009 3345 ignem
1041 3265 1116 3324 uos

91 3343 259 3458 aggredi
283 3360 332 3430 ‘ac
361 3341 549 3430 inceiiere
577 3345 710 3456 poffit.
780 3348 980 3458 Propterea
1007 3349 1118 3437 idem

90 3457 172 3544 iam
208 3477 418 3541 monuerat
452 3484 513 3567 13·
551 3458 733 3574 Accipite
748 3477 979 3542 amatorem
1013 3459 1116 3558 Det,

92 3585 138 3656 nt
157 3565 295 3678 poffltis
317 3561 471 3670 refisiae
499 3572 540 3650 in
564 3565 625 3651 die
648 3571 765 3665 malo,
807 3587 845 3651 et
874 3569 915 3650 in
947 3566 1116 3656 omnibns

85 3675 246 3796 perfecti
268 3670 380 3786 flare.
449 3676 553 3762 Siata
578 3706 619 3762 er
645 3677 863 3793 ofitcct'nett'
885 3675 1022 3762 letmbos
1048 3666 1116 3767 ve.

79 3786 180 3899 strat
206 3788 246 3871 in
271 3786 454 3884 veritate,
482 3806 519 3870 et
548 3788 587 3874 in
615 3792 675 3876 nti
701 3789 853 3878 loricam.
875 3786 1051 3892 institia,
1074 3811 1113 3878 et

89 3899 245 3988 tolerati
261 3893 379 4014 pedet
405 3895 447 3983 t'n
469 3899 738 4015 preparatione
759 3901 970 4014 Evangelii·
976 3906 1113 4031 papir:

1019 4044 1060 4102 tn
