2400 4478
203 295 206 302 ,
239 190 389 314 regnum
409 210 535 341 Christi
548 217 588 291 in
605 212 757 291 terrica.
779 208 941 293 XXVII.
1029 226 1109 311 233
1187 188 1189 193 Ι

76 370 335 477 res'deincepr
366 378 584 478 quoque-ad
612 378 720 454 finem
753 374 1029 477 quartihuiu's,
1063 406 1116 480 -ac

81 496 229 595 initium
248 493 381 595 ‘quinti
412 488 518 566 secan
547 514 570 564 a
601 489 830 576 Theodosio,
874 492 1048 578 Arcadio,
1078 506 1116 570 et

81 600 260 684 Honorio
288 604 373 693 datae
399 602 478 676 sunt
504 601 622 707 leges,
653 602 782 699 quibus
807 602 1114 685 euitusetnntcus

85 716 327 815 prohibetur,
358 735 436 811 quae
456 713 630 788 habentur
649 713 713 813 tin·-
729 711 780 790 X.
803 714 883 791 cod.
903 712 1046 791 Th'eod.
1075 717 1116 791 da

84 829 243 926 paganis.
304 825 426 901 Postea
443 844 552 923 quam
569 820 795 916 Theodosius
817 825 1012 902 renovaffet
1031 851 1117 926 pro·

83 940 290 1037 scriptionis
319 938 499 1012 decretum
525 934 680 1034 Cyneiro
705 936 868 1034 praeferto
897 942 1054 1035 pretorii
1078 941 1116 1016 in

83 1048 262 1133 Oriente,
281 1045 421 1131 ¹loanni
451 1051 533 1122 item
561 1067 596 1124 et
624 1048 830 1126 Gaudentio
858 1052 1051 1126 comitibus
1078 1053 1118 1128 in

83 1160 294 1243 Occidente
322 1161 357 1234 id
379 1163 517 1256 negotii
546 1158 750 1245 commisit,
783 1174 823 1234 ut
843 1158 975 1257 templa
998 1161 1118 1239 idolo-

82 1272 171 1350 rum
199 1272 434 1354 cleuderent,
459 1270 650 1369 privilegia·
668 1260 927 1356 sacerdotalia,
957 1274 1117 1371 etquid.

83 1383 179 1484 quid
218 1385 261 1457 ad
295 1382 507 1459 nefandum
530 1383 666 1457 cultum
703 1383 889 1467 attineret,
937 1381 1117 1471 toilarent.

83 1495 181 1574 Non
215 1494 359 1595 deerant
390 1493 451 1569 suo
483 1489 608 1567 officio
637 1491 703 1568 hac
734 1493 770 1566 in
803 1495 840 1566 re
866 1491 1041 1590 episcopi:
1071 1517 1117 1572 ex

70 1608 222 1708 'quibus
242 1603 492 1708 Marcellusiu
518 1601 637 1703 Syria,
667 1626 751 1679 cum
777 1602 1000 1703 splendidum
1026 1606 1119 1706 Apu·

86 1740 182 1794 meae
206 1714 382 1814 templum
407 1728 605 1799 everterat,
636 1736 859 1812 paganorum
881 1716 1056 1794 concursu
1080 1719 1119 1796 in
1157 1730 1166 1743 ''

86 1828 209 1906 frusta*
229 1825 391 1903 concisus
429 1827 500 1902 est..
546 1824 694 1904 Diutius
725 1827 863 1903 steterat
897 1827 1149 1907 Alexandria·

88 1941 231 2037 Serapis
265 1938 462 2035 templum,
494 1941 551 2013 ita«
567 1954 608 2013 ut
635 1941 740 2041 etiam
766 1934 942 2016 christiani
972 1939 1120 2016 infama-

90 2068 238 2135 rentur,
269 2073 311 2125 ac
329 2047 354 2123 st
376 2051 450 2124 eius
469 2049 645 2146 religione
663 2052 872 2128 tenerentur
890 2050 1014 2141 inolita
1032 2051 1121 2128 salu-

90 2165 176 2240 taris
202 2161 276 2240 Nili
301 2152 563 2259 superstitione,
595 2184 665 2260 qua
682 2156 853 2239 'irritatus
877 2160 1120 2263 Theuphylur
1186 2162 1189 2168 ’

91 2275 193 2353 Alex.
216 2272 304 2350 iliud
329 2269 516 2358 obsidens,
545 2296 630 2350 conr
654 2273 746 2351 duce
763 2271 1122 2376 Olympio'philoio·

90 2385 172 2488 pho
197 2384 372 2482 Serapidis
401 2385 564 2460 cultores
581 2384 669 2461 illud
692 2386 934 2472 obvallarent,
964 2410 1122 2485 occupa-

89 2514 174 2574 tum
198 2496 359 2581 funditus
374 2498 523 2571 evertit.
583 2494 686 2572 Circa
704 2497 830 2571 eadem·
846 2497 994 2572 labentis
1016 2497 1122 2573 seculi

90 2608 161 2688 lv,
182 2623 346 2706 tempora
369 2607 402 2683 S.
425 2605 603 2682 Martinus
619 2609 654 2681 in
684 2605 796 2688 Gallia
817 2607 973 2682 fimiliter
999 2607 1122 2685 fanum

91 2722 302 2802 diruturum
351 2718 553 2794 antistitem·
571 2734 808 2816 caeteramque
826 2718 1017 2816 gentilium
1031 2731 1123 2795 tur-

90 2835 176 2909 bam
204 2821 451 2906 obsistentem
503 2832 662 2927 primunr
710 2829 856 2907 habuit:
903 2852 1006 2905 cunr.
1036 2832 1123 2908 teste

94 2944 199 3041 Sulp.
226 2943 359 3020 Severo
387 2945 421 3016 in
451 2942 527 3017 eius
556 2943 625 3015 vita
653 2964 684 3020 c.
715 2961 773 3029 13.
790 2955 825 3032 '‚,
843 2964 943 3038 paene
970 2941 1058 3018 nulli
1085 2945 1123 3018 in

91 3113 118 3151 „
149 3055 217 3132 iliis
235 3055 445 3151 regionibus
465 3052 595 3130 Christi
617 3075 752 3129 nomeu
771 3069 996 3155 receperunt-r
1022 3055 1123 3155 quod

92 3224 119 3262 „
150 3167 241 3243 adeo
260 3165 402 3261 (subdit
412 3161 760 3251 >vitatione-iliius¹
780 3163 1020 3266 exemploque
1036 3156 1125 3243 con-

91 3335 118 3374 „
149 3279 281 3365 ualuit,
315 3293 354 3354 ut
374 3281 443 3353 iam
467 3276 513 3352 ibi
537 3276 658 3354 nullus
677 3274 780 3353 locus
795 3273 858 3364 fit,
888 3280 949 3375 qui
972 3292 1126 3356 nunaut

93 3447 119 3487 „
151 3389 301 3468 ecclefiis
331 3385 644 3488 frequentiffinrie,
665 3401 732 3465 aut
760 3389 984 3465 monasteriis·
1008 3388 1049 3465 fit
1072 3414 1127 3466 re-

94 3559 120 3598 „
150 3504 279 3604 pietus.
338 3500 434 3577 Nam
462 3501 521 3577 ubi
549 3499 628 3576 fana
656 3499 891 3587 destruxerat,
938 3501 1050 3577 stetim
1076 3503 1126 3577 ibi

92 3672 119 3710 „
150 3630 212 3692 aut
232 3611 389 3690 ecclesias
411 3625 472 3688 aut
494 3614 701 3689 monasteria
725 3613 952 3689 construebat
962 3667 994 3702 „.
1026 3612 1127 3689 Con-

94 3728 163 3804 stat
185 3750 232 3802 ex
258 3722 627 3822 S.10.Chrysostomi
657 3723 810 3824 epistolis
830 3722 870 3810 u)
894 3726 930 3797 in
959 3720 1125 3807 Oriente,

94 3839 250 3924 Arabia,
299 3834 484 3913 Phoenicia
507 3834 706 3936 praesertim·
735 3835 853 3941 plures
881 3832 999 3912 adhuc
1027 3828 1127 3911 fuiffe

471 3946 624 4043 Ῥς
772 3998 779 4011 ·
962 3966 1070 4049 paga-

138 4058 175 4135 α)
196 4050 283 4131 Epist·
311 4069 357 4130 tt·
382 4052 437 4116 &u
496 4076 502 4089 ¹
