2400 4478
191 255 342 337 ragnum
372 227 501 335 Christi
523 235 563 317 in
585 231 704 321 terris,
725 253 753 308 c.
775 228 898 313 XXV.
1032 254 1115 327 ers

79 394 179 495 Lod«
217 391 500 484 Thessaliam-i
529 418 614 485 cum
650 393 849 494 episcopis,
889 397 977 500 qui,
1018 397 1117 498 apud

52 547 55 552 ·
82 511 265 615 principes
288 508 583 619 interveniendo,
613 531 704 584 oves
726 526 882 586 errantes
907 512 1059 587 suaviter
1073 510 1119 589 ad

83 620 219 714 Christi
244 643 420 719 gregem,
458 622 706 717 unitatemque
732 620 945 699 catholicam
973 646 1121 701 revoca·

82 748 188 826 rent,
220 735 368 825 testante
385 733 598 816 Sozomeno
624 726 663 833 a)
678 730 723 815 de
736 729 949 823 Theodosio
962 731 1015 812 Μ.
1033 760 1119 813 conr

83 863 214 938 contra
243 870 373 935 omnes
396 847 441 921 ab
470 841 620 936 Ecclelia
649 843 822 926 catholica
857 847 988 933 alienas
1013 845 1120 927 seties

81 1012 107 1055 „
137 983 267 1069 grates
297 957 442 1062 quidem
473 956 617 1055 legibus·
647 954 859 1055 adscripsrlle
879 982 1031 1057 posnan,
1061 949 1120 1038 sed

81 1128 106 1166 „
135 1088 175 1151 ut
205 1086 342 1159 metunt
370 1071 548 1161 incuteret
573 1067 721 1157 subditis
749 1068 838 1155 suis,
868 1071 1051 1157 studebat,
1079 1084 1123 1150 ut

80 1239 107 1277 „
139 1181 200 1268 filii
228 1186 263 1260 in
293 1182 420 1258 divinis
452 1182 657 1266 concordes
686 1178 836 1273 fierent3
882 1179 1056 1283 liquidem
1084 1196 1123 1270 et

79 1352 106 1389 „
138 1295 216 1385 illos
239 1293 426 1377 laudabat,
458 1297 521 1391 qui
541 1291 600 1375 sua
618 1292 746 1388 sponte
766 1294 1121 1388 convertebantur,

81 1403 254 1498 Ruffinus
283 1427 433 1506 quoque
452 1400 491 1492 l)
522 1402 728 1491 decaden
755 1419 874 1493 narrat
903 1402 997 1492 haer:
1026 1460 1049 1497 „
1067 1405 1123 1491 td

82 1575 109 1612 „
141 1515 332 1615 Orientem
361 1512 561 1617 re-grellos,
590 1514 734 1615 ibique,
765 1516 810 1590 ab
837 1514 993 1604 exordio
1023 1519 1123 1617 orin-

72 1675 109 1724 2„
140 1632 279 1727 cipatos
298 1629 349 1705 sui
373 1626 507 1715 sumnia
531 1648 640 1715 cura..
670 1624 887 1728 summoque
904 1627 1023 1715 studio
1043 1627 1136 1738 pola.

76 1797 109 1848 .„
139 1739 180 1815 fis
200 1740 396 1827 haereticis,
427 1735 587 1829 ecclefias
610 1736 795 1826 catholicis
819 1738 981 1827 tradere,
1012 1738 1124 1851 idque

85 1904 112 1960 „
139 1876 178 1930 ea
203 1853 455 1945 moderatione
476 1872 604 1948 agere,
634 1864 698 1943 ut,
727 1848 865 1943 ultione
889 1865 1123 1951 contempta,

84 2021 110 2066 ‚,
139 1976 282 2047 tanturn
314 1961 501 2052 catholicis
543 1961 592 2049 de
627 1959 855 2050 ecclesiarum
897 1964 1125 2053 restitutione,

86 2134 111 2171 „
139 2075 369 2162 consuleret,
401 2096 477 2175 quo,
507 2071 593 2151 fides
621 2074 714 2163 reita
741 2072 871 2174 absque
900 2076 1125 2175 pradicatio-

86 2178 111 2283 „
141 2191 195 2264 nis
215 2187 480 2293 impedimento,
500 2184 728 2284 proficeret„.
788 2185 865 2265 Alia
883 2187 1122 2275 aliorumirn·

85 2316 297 2402 potatorum
315 2298 588 2386 christianorum
604 2321 626 2375 a
645 2295 886 2376 Constantino
904 2297 959 2388 nt.
977 2298 1060 2377 inde
1086 2302 1124 2378 in

85 2411 240 2497 eandem
270 2409 479 2502 sententiam
505 2405 614 2496 trita.
658 2423 767 2510 atque
797 2409 954 2488 eiusdem
987 2413 1125 2495 tenoris

86 2522 298 2624 vigorilque
319 2522 416 2623 leges
437 2536 473 2598 et
494 2521 605 2609 editis
628 2517 793 2604 laudatus
812 2519 1066 2610 Thomaffinus
1086 2524 1124 2601 in

86 2630 250 2721 medium¹
271 2634 410 2736 profert
430 2630 549 2733 pallos
571 2655 634 2739 per
658 2631 847 2721 decursum
877 2633 1021 2731 operis,
1051 2610 1127 2713 lla·¹

85 2738 398 2834 lentiaiani'etiant
418 2744 565 2833 lenioris
585 2756 621 2818 et
639 2740 815 2832 Maximi,
845 2746 907 2855 qui
921 2747 1124 2842 interroga·
1186 2788 1188 2792 ·

86 2873 149 2939 tus
170 2859 216 2933 de
234 2858 292 2950 lua
308 2855 377 2946 fide
393 2881 412 2933 a
431 2855 559 2943 Siricis
577 2853 615 2943 P.
630 2854 666 2930 id
685 2854 749 2939 fibi
772 2857 882 2931 animi
906 2868 943 2931 et
961 2855 1127 2935 volunta·

85 2975 135 3050 tis
165 2969 233 3048 elle
257 2966 521 3071 profellusrst,
562 3023 584 3071 „
606 2980 647 3042 ut
673 2964 760 3043 fides
789 2966 963 3045 catholica
993 2968 1127 3067 procul

84 3139 111 3180 „
141 3087 244 3164 omni
272 3079 483 3158 dillensrone
503 3078 687 3168 submota,
717 3079 1026 3164 concordantibus
1046 3084 1127 3158 uni·

84 3253 111 3294 „
140 3193 245 3273 versis
276 3193 538 3278 sacerdotibus,
569 3203 606 3266 et
626 3193 842 3271 unanimiter
865 3188 950 3274 Deo
974 3191 1130 3281 servien-

85 3362 111 3406 „
143 3309 267 3409 tibus,
298 3304 402 3397 illaria
420 3318 457 3397 et
472 3301 685 3394 inviolabilis
697 3303 949 3420 perseveret„

994 3413 1073 3496 Cr·

170 3592 238 3670 lens
256 3602 391 3686 spirituel
412 3615 443 3669 et
457 3600 610 3680 temootel.
629 3600 703 3669 dont
717 3620 759 3667 on
777 3602 854 3668 s'ell
869 3602 942 3668 servi
964 3602 1037 3664 dans
1062 3612 1129 3664 tous
1177 3628 1180 3635 ·

172 3688 217 3763 les
248 3706 321 3752 tens
356 3709 430 3766 pour
460 3686 584 3762 etablir,
618 3704 649 3751 et
678 3706 752 3770 poor
777 3676 1068 3755 maintenirl’ooite'
1086 3683 1134 3759 def

179 3772 200 3849 l'
215 3772 307 3852 Eglise
329 3773 408 3836 cath.
430 3770 466 3836 T.
486 3771 508 3837 l.
532 3791 562 3850 p.
582 3778 653 3849 469·
1153 3786 1157 3792 ·

130 3932 167 4021 a)
190 3929 225 4007 L.
241 3927 306 4004 llll.
330 3949 357 3994 c.
381 3946 430 4006 ra,
518 3931 554 4010 b>
575 3924 639 4005 Lib.
662 3924 686 3993 l
709 3946 737 3994 n
761 3945 816 4014 rsa
