2438 4470
380 214 790 306 PRAEFlTlO.

53 402 85 465 'e
107 375 266 465 odilexi
280 396 330 465 te.
357 377 525 467 Possunt
548 378 634 469 haec
652 375 904 465 adfuturam
924 366 1110 495 aliquan·

92 521 119 578 o
140 492 371 578 ludaeorum
392 489 534 579 referri
550 492 857 578 converfionem
879 495 923 576 in
941 497 1109 582 novilli-

61 609 141 692 mis
162 603 239 689 illis
269 605 605 718 peneulofiffimis
625 603 908 718 temporibus,
935 602 989 689 de
1012 610 1112 720 qui.

60 716 141 804 bus
159 716 230 803 sibi
250 721 398 805 merito
414 720 592 834 quisque
610 721 749 803 timeat
765 719 807 801 in
827 717 946 801 tantis
964 716 1111 807 sedue-

61 833 223 917 tionum
244 830 452 943 periculis,
468 829 609 916 laxatis
626 829 811 944 undique
828 828 997 916 licentiae
1016 830 1109 919 sen·

58 941 191 1028 'tiendi
216 941 406 1040 habenis,
435 944 477 1026 in
529 941 738 1027 avescente
756 943 797 1026 in
816 940 903 1027 dies
927 939 1036 1028 malo
1063 950 1107 1034 in

29 1049 34 1063 ’
57 1055 74 1143 i
106 1053 149 1141 so
166 1058 286 1142 etiam
306 1054 393 1140 finu
407 1054 488 1140 Ecc
504 1054 590 1140 efiae
607 1053 890 1168 languescente
904 1054 1002 1141 obse
1034 1060 1106 1144 uio

56 1268 60 1275 Ι
90 1167 155 1252 dei
182 1169 232 1255 ad
258 1165 538 1281 irreligionem
568 1193 700 1280 usque
726 1193 849 1282 atque
872 1194 951 1280 apo
1022 1197 1106 1259 iam

59 1278 197 1377 illam,
227 1278 280 1366 de
333 1309 383 1365 ua
402 1277 610 1366 Christus:
656 1278 783 1364 Filius
808 1278 993 1376 hominis,
1020 1285 1107 1381 ait,

56 1388 166 1501 Luc.
192 1309 336 1479 xvlll.
355 1401 394 1492 8.
415 1391 578 1476 veniens
594 1409 712 1503 putas
731 1391 904 1478 inveniet
921 1388 1040 1492 fidem
1061 1420 1104 1477 m

57 1500 213 1596 terris?
247 1504 548 1592 Praesentiffimo
569 1502 774 1617 periculo,
803 1527 871 1600 ut,
900 1502 1001 1590 dum
1023 1503 1102 1590 Ec-

56 1615 184 1709 elefiae
204 1617 432 1711 militantis,
459 1620 578 1729 regni
597 1613 746 1703 Christi
770 1619 812 1701 in
832 1619 968 1714 terris,
1009 1641 1103 1703 ner·

59 1730 101 1814 vi
120 1755 164 1811 ac
183 1730 356 1841 potestas
375 1757 396 1814 a
413 1727 575 1814 Christo
602 1727 744 1817 collata
770 1726 950 1843 deprelsa
976 1725 1105 1815 succi·

57 1838 193 1936 ditur,
220 1840 306 1924 smu
327 1836 397 1924 illo
418 1837 674 1939 deiiciamur,
701 1869 747 1929 ac
777 1839 1009 1928 excidamm
1029 1869 1103 1954 pe·

55 1948 139 2049 ⁴tra,
167 1950 288 2065 snper
307 1978 432 2081 qnam
451 1954 682 2039 inconcull'a
696 1980 827 2067 usque
846 1954 897 2038 ad
915 1952 1102 2040 consum-

52 2066 280 2152 lnationem
306 2059 425 2149 leculi
457 2063 573 2149 stabit
599 2064 797 2160 Ecclesia,
836 2066 878 2148 in
909 2090 1101 2152 commu·

58 2180 182 2263 nione
203 2175 268 2263 illa
286 2175 541 2261 summorum
565 2176 747 2265 Ecclefiae
769 2175 995 2289 pastorum,
1023 2179 1099 2289 qui

57 2274 151 2374 lunt
177 2286 431 2374 ecelefiarum
459 2286 591 2402 angeli
620 2315 715 2376 cum
739 2280 1026 2373 successoribus
1047 2291 1102 2379 D.

54 2399 166 2488 Petri
194 2404 236 2487 in
264 2399 357 2488 sede
384 2403 590 2500 Romana,
665 2400 786 2488 uibus
813 2425 962 2512 nempe
996 2397 1101 2489 illud

53 2510 215 2600 'dietum
234 2515 445 2602 convenit:
476 2515 610 2629 Apoe.
628 2429 690 2602 lll.
711 2547 774 2608 ιο.
802 2511 994 2626 Qoninm
1011 2511 1099 2622 ser·

57 2623 157 2730 vasti
181 2624 340 2712 verbum
360 2627 555 2738 patientie
579 2656 694 2727 men,
720 2646 759 2711 et
783 2655 851 2740 ego
892 2623 1032 2713 ervabo
1060 2638 1101 2711 te

57 2736 106 2824 ab
130 2739 222 2822 hora
249 2739 497 2835 tentationis,
525 2767 609 2854 quae
635 2759 805 2828 ventura
832 2769 853 2825 e
906 2738 948 2824 in
975 2733 1099 2824 orbem

56 2847 275 2959 universum
299 2869 448 2935 tentare
463 2850 677 2937 habitantes
695 2854 736 2937 in
755 2873 872 2939 terna.
909 2852 1011 2937 Ecce
1027 2878 1100 2936 ve-

53 2963 119 3049 'nio
139 2964 239 3054 cito:
265 2982 370 3060 tene,
423 2963 500 3046 uod
512 2962 644 3064 habes,
673 2983 718 3050 ut
739 2995 844 3052 nenio
862 2963 1021 3078 accipiat
1034 2988 1098 3047 co·

56 3100 189 3159 ronam
210 3093 346 3167 tuam:
367 2991 454 3184 ’ἐπ’
469 3076 607 3161 vicerit
623 3136 636 3174 ‚
654 3074 803 3190 faciam
828 3078 934 3163 illum
956 3076 1097 3162 colum·

55 3188 203 3271 namin
223 3189 355 3300 templo
376 3188 453 3270 Dei
470 3189 567 3284 mei,
595 3209 634 3272 et
647 3185 771 3299 foras.
788 3202 863 3276 no'n
880 3188 1096 3299 egredietur

56 3300 240 3411 amplius:
279 3319 318 3382 et
328 3294 490 3413 scribam
499 3295 616 3411 super
635 3328 719 3386 eum
742 3331 874 3387 nomen
903 3304 979 3384 Dei
996 3303 1097 3400 mei,

54 3430 92 3494 et
111 3437 244 3494 nomen
262 3412 436 3498 civitatis
457 3413 533 3495 Dei
552 3423 625 3496 mei
642 3441 752 3502 ηοω
775 3412 994 3522 Ierufizlem‚
1012 3438 1098 3522 quae

53 3519 243 3629 descendit
266 3521 314 3606 de
338 3525 427 3610 coelo
452 3551 477 3607 a
503 3524 715 3622 Detineo,
742 3544 781 3612 et
807 3547 939 3609 nomen
970 3547 1094 3608 meum

54 3661 225 3727 novum?
255 3633 332 3720 Sed
351 3661 475 3750 quem
495 3663 577 3723 non
597 3659 770 3726 terreant
784 3631 985 3720 columna>
1002 3631 1095 3734 illae,

55 3764 146 3859 qnae
182 3744 403 3834 identidem
437 3771 701 3850 corruerunt,
734 3745 914 3881 collapsis
931 3742 1095 3836 dudum

53 3857 221 3975 integris
246 3856 356 3945 orbis
381 3860 565 3976 partibus
586 3862 679 3955 Ana
698 3887 740 3954 et
760 3857 919 3971 Ainea,
945 3886 991 3948 ac
1009 3887 1097 3952 ma·

23 4062 143 4190 “x
955 3978 1072 4089 ³¹¹²*
