2400 4478
177 290 181 298 .
206 237 355 315 regnum
382 211 509 306 coristi
530 213 754 293 interrito.
774 209 936 310 XXVII.
1017 238 1100 312 ‚237

78 435 105 474 „
137 378 221 455 dare
247 380 368 453 conati
389 378 491 463 funt,
523 381 667 454 vincant
693 375 883 455 inscelere
914 377 1104 456 leroboam

80 544 106 586 ,‚
136 506 260 588 regern
288 490 388 580 lsrael
407 546 457 579 ,,.,
485 489 581 565 idem
606 490 640 566 S.
659 488 905 590 Hieronymus
926 487 964 579 u>
982 493 1016 565 in
1033 495 1109 589 epi-

79 603 211 702 taphio
247 601 442 698 Nepotiani
475 602 518 676 ad
553 598 792 678 Heliodorum
824 618 1008 699 tragicum.
1032 603 1108 679 fere

86 718 226 791 exitum
257 728 333 788 tum
365 712 490 812 luliaui
518 713 681 811 apostatae
698 737 780 787 cum
799 713 954 790 aliorum
977 712 1026 790 fui
1042 715 1107 789 aevi
1155 752 1159 758 ·

84 828 352 923 'imperatorum
378 881 388 910 ,
421 826 483 923 qui
502 818 690 923 'plerique'¹
709 814 1008 901 Ec'cl'riliae''irifesti··
1032 822 1109 902 fue-

84 954 172 1014 runt
196 936 436 1013 haerefunraut
458 938 562 1011 etiarn
579 936 789 1012 idololatria
812 936 968 1027 fautores
990 937 1109 1012 indul-

81 1050 294 1148 gentiores,
318 1063 377 1122 aut
407 1048 573 1147 tyranni,
604 1050 811 1125 recenlbns:
842 1103 863 1141 „
881 1046 1111 1126 Constantius

79 1219 105 1254 „
127 1157 308 1259 (ioquin)
321 1162 455 1237 Arianae
471 1159 588 1236 fautor
603 1160 786 1245 haerefeos,
802 1159 887 1234 duni
905 1177 1029 1234 contra
1044 1164 1112 1237 ini-

80 1329 108 1369 „
138 1277 273 1346 micum
289 1287 447 1370 paratur,
471 1288 505 1346 et
520 1275 682 1348 concitus
696 1273 807 1346 fertur
822 1270 865 1344 ad
881 1276 1058 1366 pugnam}
1072 1272 1110 1350 iu

83 1441 109 1478 „
139 1372 258 1480 lllopfi
278 1384 394 1458 viculo
416 1386 598 1466 moriens,
630 1405 764 1481 magno
777 1381 903 1454 dolore
920 1379 1014 1454 hosti
1032 1374 1127 1456 r'eli.¹

69 1553 107 1597 t„
136 1499 214 1592 quit
250 1480 450 1591 inrperiuni.
490 1490 644 1568 lulianus
675 1493 841 1591 proditor
871 1494 996 1567 auimae
1023 1493 1110 1580 fuae,

82 1663 108 1700 ,‚
135 1619 172 1678 et
189 1604 363 1680 christiani
388 1602 568 1700 iugulator
588 1609 783 1690 exercitus,
816 1593 997 1680 Christum
1012 1602 1115 1686 sensit

86 1775 113 1810 „
134 1720 171 1791 in
203 1712 341 1799 Media,
376 1735 483 1815 quem
504 1718 661 1813 primurn
695 1714 732 1792 iu
757 1713 870 1792 Gallia
895 1714 1112 1812 denegarat,

83 1827 113 1921 '„
138 1828 297 1929 dumque
315 1826 598 1910 Romanos'vult
628 1848 827 1929 propagare
858 1823 963 1913 lines,
996 1828 1115 1926 per'dit

90 1997 115 2033 „
138 1953 366 2038 propagatos.
402 1938 565 2015 Iovianus
590 1940 736 2039 gustatis
768 1953 906 2015 tantum
934 1936 1114 2037 regalibus

90 2046 115 2144 '„
132 2054 254 2136 bonis,
269 2052 411 2128 foedere
425 2073 620 2150 prunarum
636 2046 983 2141 suffocatus'iirteriit,
996 2052 1114 2127 osten-

81 2178 114 2256 “,,
135 2163 223 2238 deus
245 2164 440 2248 omnibus,
472 2162 557 2261 quid
576 2160 614 2238 fit
640 2161 795 2241 humana
824 2165 995 2262 potentia.
1015 2256 1018 2261 1
1040 2159 1114 2240 Va·

90 2331 115 2367 ‚,
135 2275 348 2350 lentinianus
373 2275 504 2348 vastato
528 2275 674 2373 genitali
695 2273 770 2352 folo
785 2331 795 2360 ,
810 2290 862 2371 et
886 2274 1034 2377 inultam
1050 2261 1114 2375 pa'r.

89 2443 115 2479 „
136 2389 240 2461 triam
260 2384 508 2484 derelinquens
523 2382 544 2471 ,⁴
566 2390 718 2479 vomitu:
733 2388 911 2487 sauguinis
933 2386 1112 2471 extintlus

93 2553 119 2590 ,,
143 2499 201 2572 ell.
235 2495 348 2573 Huius
362 2520 552 2594 gerruanus
567 2495 698 2585 Valens
716 2493 878 2575 Gothico
893 2497 990 2572 bello
1003 2500 1114 2575 virtus

90 2611 176 2702 „in
207 2606 357 2684 Thracia
381 2604 535 2701 eundern
562 2608 684 2685 locurn
719 2628 754 2684 et
775 2612 903 2684 mortis
931 2605 1056 2707 habuit
1079 2625 1117 2697 et

91 2777 116 2814 „
137 2720 325 2818 sepulchri.
355 2718 545 2806 Gratianus
562 2721 610 2796 ab
620 2720 857 2796 exercitufuo
874 2719 1058 2817 proditus,
1078 2735 1117 2799 et

91 2830 116 2925 ’,,
140 2834 185 2906 ab
204 2830 318 2907 obviis
346 2833 491 2908 urbibus
517 2854 591 2906 non
622 2846 806 2931 receptus,
845 2829 1001 2925 ludibrio
1023 2830 1116 2911 hosti

92 2999 118 3037 „
140 2944 221 3028 fuit,
239 2959 465 3040 cruenteque
483 2967 605 3018 manus
620 2944 760 3040 vestigia
778 2947 925 3041 parietes
940 2946 1002 3028 tui,
1016 2938 1117 3044 Lug·

93 3106 120 3148 „
142 3055 252 3137 dunt!
272 3055 449 3137 testantur.
467 3053 678 3131 Adolescens
691 3052 959 3137 Valentinianus
972 3072 1007 3132 et
1022 3080 1116 3156 pene

92 3190 229 3266 „puer
254 3167 332 3265 post
357 3166 500 3263 fugam,
519 3166 604 3264 post·
615 3168 740 3251 exilia,
772 3167 1118 3266 postrecuperatuna

90 3331 116 3373 „
144 3279 261 3355 multo
287 3280 454 3376 languine
476 3281 666 3376 inperium
684 3334 694 3363 ‚
712 3278 806 3355 haud
826 3279 956 3378 procul
969 3283 1013 3360 ab
1026 3283 1118 3358 urbe

91 3443 117 3486 „
141 3389 304 3466 fraternae
327 3393 452 3465 mortis
473 3389 631 3475 confcia',
661 3407 807 3468 necatus
821 3391 888 3465 eft:
920 3407 955 3467 et
971 3393 1127 3471 cadaver

91 3536 119 3600 n'
140 3504 305 3579 exanime
325 3501 511 3601 suspendio
530 3501 748 3601 infamatum.
805 3501 908 3596 Quid
930 3503 1057 3604 loquar
1072 3505 1120 3580 do

94 3666 120 3708 „
140 3612 351 3711 Procopio,
384 3612 574 3698 Maximo,
593 3612 777 3713 Eugeuio,
808 3619 869 3716 qui
887 3620 1010 3714 utique
1031 3615 1117 3691 dum

92 3778 118 3820 „
137 3749 258 3800 rerum
276 3723 488 3821 potirenturss
510 3729 638 3800 terrori
649 3728 948 3823 gentibuseranr?
976 3724 1118 3803 Omnes

92 3890 117 3932 „
139 3840 237 3938 capti
260 3838 429 3914 steterunt
444 3838 531 3913 'ant'e
547 3861 611 3916 ora
639 3839 814 3918 vitrorum
831 3853 888 3926 et,
903 3837 1032 3934 (quod
1050 3858 1115 3934 po·

294 4006 298 4017 .
458 4010 475 4050 .'
536 4009 540 4016 .
800 3945 802 3951 Ι
842 3954 858 4019 f
924 3960 1099 4039 ⁴„tello-⁸

139 4050 282 4141 offleii·
309 4074 355 4139 rs·
380 4047 415 4122 T·
440 4048 488 4122 ll·
513 4074 542 4138 a·
569 4060 644 4142 ara
857 4056 861 4065 ‘
904 4066 909 4072 ·
