2400 4478
233 228 382 308 regnum
402 182 536 304 'Christi
561 197 735 288 in‘ieirir
762 150 965 330 aXXIli
1024 214 1102 293 aui

77 371 235 474 {perio
272 368 335 450 suo
371 368 518 468 indigna
550 370 779 471 poenitentia
802 367 926 456 durius
967 373 1102 450 fueriti
1178 381 1182 390 '

80 540 105 580 ,,
136 481 417 585 primumquod
442 484 653 582 propinquis
673 481 739 561 suis
767 507 892 573 necem
902 481 1104 569 „intuliiiett'

73 648 105 690 ,,,
133 594 307 678 alterum,
350 593 451 695 quud
476 590 665 697 ·Julianum
703 595 896 692 apostatam
921 588 1104 684 Caesarem
1175 656 1178 662 .

80 763 105 802 „
135 700 385 786 nominaiiet:
403 703 631 804 postremum
653 705 753 806 quod
778 709 880 784 novis
906 704 986 786 fidei
1009 707 1114 819 dne.

80 873 106 913 ‚,
135 819 287 894 matibus
313 812 515 896 studuiffet:
547 813 722 918 {imuique
749 816 904 895 cumbis
927 808 1116 909 vocibus,

47 959 50 963 ⁴
82 985 108 1024 „
136 930 243 1005 evita
271 923 448 1004 disceffiffe
471 921 632 1020 fertur
674 927 719 1007 At
746 951 832 1004 vero
858 951 956 1016 rem,
996 914 1120 1031 prout'

80 1055 185 1126 erat,
218 1041 370 1116 breviter
389 1037 586 1116 describens
616 1053 704 1116 orat
739 1036 871 1118 XXV
909 1041 944 1116 in
965 1039 1106 1119 laudern

84 1147 249 1233 Heronis
279 1148 403 1250 philos.
445 1148 491 1233 src
509 1149 579 1245 (de
605 1147 722 1227 haerefi
746 1149 873 1228 Ariana
899 1147 1036 1246 agens)
1064 1151 1110 1228 de

80 1261 297 1341 Constantio
322 1264 405 1361 imp
419 1257 458 1349 u)
469 1260 680 1362 loquitur
689 1257 822 1338 Rursus
845 1260 977 1338 maium
997 1262 1109 1360 impe.

79 1376 262 1468 „rium.
299 1387 335 1448 et
368 1371 483 1449 curius
523 1371 656 1448 maium
691 1372 894 1454 reviviicit.
938 1394 980 1453 ac
1014 1370 1112 1452 velut

78 1428 383 1582 :subpatridum
416 1481 577 1582 uarieque
606 1480 802 1561 obduuum
837 1479 962 1559 uulnus
995 1485 1107 1580 aperi-¹

81 1609 219 1689 ,‚,rur
250 1606 285 1670 et
307 1595 484 1692 erumpit.
515 1615 710 1693 grauesque
738 1591 836 1690 iupi.
876 1593 932 1670 alii
963 1591 1106 1695 aliunde

84 1761 110 1802 ,‚
139 1728 206 1780 nos
224 1706 498 1802 intercipientes
511 1701 704 1787 Ecclefiam
719 1701 932 1803 discerpunt
961 1680 1109 1782 Arman

82 1871 108 1913 „
136 1829 196 1922 tur
218 1815 412 1897 sacerdotes
429 1815 591 1892 adversus
610 1813 828 1902 sacerdotes,
860 1817 960 1916 plebs
987 1814 1108 1892 advet-

83 1983 110 2022 „
138 1927 192 2003 ius
208 1925 348 2025 plebem
372 1925 568 2003 furibundo
594 1926 732 2027 impetu
750 1924 884 2019 fertur;
914 1929 1108 2027 imperator

82 2091 109 2134 „
138 2037 209 2137 ipse
224 2039 397 2136 impietati
420 2037 662 2118 audioritatem
681 2037 833 2136 prabet,
863 2053 969 2138 atque
986 2039 1111 2116 adver..

86 2205 111 2243 „
141 2150 196 2226 sus
219 2147 464 2247 orthodoxam
490 2147 688 2226 doitrinam
717 2147 814 2247 leges
846 2149 1020 2227 instituit:
1067 2152 1109 2230 ii·

84 2314 110 2355 ,,
136 2284 209 2360 que
229 2274 414 2361 praeterea,
444 2260 504 2360 qui
525 2280 590 2334 nec
618 2261 654 2335 in
683 2260 847 2338 virorum
878 2262 1005 2342 necin
1031 2284 1109 2338 mu.

86 2427 110 2466 „
141 2371 266 2448 lieruna
289 2392 442 2449 nurnero
467 2366 631 2452 censendi
660 2373 762 2456 i'unt,
798 2363 954 2468 quorum
982 2395 1110 2470 magna

87 2538 112 2577 ‚,
141 2497 213 2560 erat
239 2481 332 2581 apud
353 2505 435 2559 eum
462 2483 632 2585 potentia
692 2478 786 2578 Quis
816 2505 902 2558 vero
933 2485 1107 2580 temporis

86 2650 111 2688 ,,
137 2592 234 2671 iilius
260 2593 349 2670 mala
370 2614 439 2692 pro
459 2591 630 2689 dignitate
655 2588 842 2690 deplorare
859 2590 998 2719 queat?
1027 2589 1111 2674 Exi

86 2704 207 2800 „lia,
246 2705 429 2783 bonorum
463 2701 764 2804 proscriptiones.
799 2702 1015 2801 ignominia
1043 2724 1111 2779 no

91 2816 337 2911 »ωω.»
1016 2848 1018 2857 ·

149 3113 277 3193 Valens
302 3114 453 3191 Arirnus
477 3111 763 3190 orthodoxorum
779 3109 997 3210 persecutum
1022 3125 1058 3197 et

329 3224 539 3324 religionum
566 3225 721 3307 omnium
735 3219 874 3322 fautor.

91 3331 157 3502 Id
182 3410 267 3463 uero
286 3387 335 3465 est
354 3384 730 3474 animaduertendum,
760 3383 792 3462 S.
816 3382 1037 3486 Gregorium
1058 3400 1112 3465 rer'

162 3497 362 3576 Constantii
393 3498 452 3574 hic
486 3500 709 3595 coniungere
747 3519 830 3574 cum
868 3497 1113 3595 persecutione
1177 3494 1179 3499 ’

93 3607 246 3698 Iuliani,
274 3633 343 3710 qua
369 3623 486 3686 tamen
512 3607 671 3709 perbrevi
691 3630 781 3686 mox
803 3603 963 3685 Valentis
980 3614 1112 3707 (quem

94 3725 176 3822 pius
215 3720 381 3798 Iovianus
424 3720 633 3820 imprudens
662 3718 699 3794 in
738 3719 942 3796 societatem
974 3722 1114 3815 imperii

95 3830 352 3934 adoptaverat)
388 3831 671 3935 persecutionem
700 3829 930 3916 acerbiorem.
959 3828 1052 3906 ‘dicit
1077 3825 1114 3915 b)

569 3937 608 4018 N
642 3959 684 4032 5·
1002 3954 1061 4022 ut-

145 4047 182 4130 a)
203 4064 232 4110 n.
257 4066 285 4125 p.
309 4063 341 4130 p.
364 4051 433 4126 4⁴²·
497 4047 530 4130 b)
550 4043 593 4115 lb.
616 4061 646 4125 p·
668 4049 738 4125 ter.
