2400 4478
201 228 351 312 reguum
374 204 502 302 cirini
516 207 555 288 in
571 207 688 293 terris.
708 224 737 292 e:
753 202 975 295 XXXVIII.
1036 231 1115 320 '337

61 386 100 474 ῖς,
130 391 214 468 aute
241 377 340 452 hunc
369 386 387 449 a
413 373 583 451 Romanu
615 377 785 472 pontifice
813 387 1112 483 recommunicare

61 501 99 584 2„
130 506 208 567 tum
240 488 295 563 vel
329 501 444 584 tegno
476 488 673 582 privatum,
721 487 783 563 nist
814 489 910 564 forte
938 495 1111 590 quispro

77 647 100 696 ς,
129 600 353 678 anathemate
385 597 591 673 habendum
620 597 747 682 ducat,
795 601 894 698 qnod
924 599 1111 701 Philippus

61 730 108 807 ;„
134 714 178 818 etl
204 713 311 787 breve
336 727 478 808 tempus
501 733 519 783 a
538 704 707 784 Romano
728 711 898 806 pontifice
921 713 1111 811 inter'poe,

79 832 107 919 „⁴
134 832 285 902 nitentes
305 821 524 905 collocatus,
555 834 591 895 et
615 817 839 916 Theodosius
863 824 1002 900 abeato
1024 830 1111 901 Am-

61 960 100 1033 ÷,·‚
131 935 251 1014 brolio
270 947 420 1032 propter
447 944 630 1008 cruentam
652 932 784 1008 caedem
807 932 1021 1012 aliminibus
1043 935 1110 1016 an

61 1076 100 1143 ³„
132 1045 242 1126 ctefiae
265 1044 496 1144 sequestratus
524 1041 566 1119 lit
583 1094 615 1137 „.
675 1043 787 1128 Sunt,
818 1049 881 1144 qui
907 1043 1109 1128 Henricum

76 1159 146 1238 IV,
176 1154 376 1256 depolitum
398 1168 566 1255 tanquam
592 1155 635 1230 ab
663 1152 824 1240 arbitro,
858 1172 898 1232 nt
918 1157 1048 1235 Amort
1068 1164 1108 1240 in

76 1271 245 1348 vindiciis
275 1266 441 1345 iurisditt.
473 1264 716 1353 eccl-vocat„
744 1263 947 1364 neceffurIo,
978 1271 1108 1348 dicant.

83 1383 196 1460 Aliter
217 1381 285 1455 dici
315 1380 460 1478 pot'est,
492 1372 714 1473 G'regorium
737 1378 772 1454 id
800 1377 916 1455 fecille
939 1395 1111 1480 tanquam

77 1494 281 1592 expetitum
301 1492 474 1566 arbitrum
496 1492 684 1588 utrinque,
705 1491 749 1565 ab
770 1490 846 1589 ipso
873 1494 978 1567 etiam
1010 1490 1109 1568 Hem

78 1610 185 1690 rico,
216 1603 314 1706 ultro
340 1613 553 1699 acceptante
568 1622 760 1699 procerum
788 1603 926 1700 imperii
952 1607 988 1679 in
1019 1627 1108 1680 con-s

80 1732 193 1793 ventu
210 1711 433 1790 Triburienli
452 1736 507 1788 an.
531 1725 643 1794 1076.
666 1712 838 1789 eiusmodi
857 1715 1108 1806 conditiones,

81 1853 171 1929 quas
201 1827 295 1924 apud
327 1823 558 1925 Lambertum
585 1822 854 1924 Schaffnabnrg:
884 1824 1004 1924 legere
1031 1828 1108 1915 eli,

84 1945 135 2018 uti
155 1938 292 2015 ostendi
318 1937 358 2011 rIe
379 1927 556 2029 liudulpho
575 1933 719 2010 Suevico
743 1941 866 2011 eomz'te
885 1935 1111 2035 Rhinf'eldnne

81 2049 211 2143 fidere
232 2061 265 2126 et
287 2064 389 2144 rege,
421 2048 477 2153 leu
498 2046 724 2133 anticaelare,
767 2050 829 2148 qui
856 2047 1017 2126 suffetius
1041 2049 1112 2128 fuit

82 2187 102 2240 a
121 2163 340 2262 principibus
357 2161 497 2257 imperii
513 2151 719 2235 Germanici
736 2161 771 2234 in
798 2157 945 2236 Henrici
965 2161 1112 2239 locumt
1181 2166 1183 2170 ’

83 2277 146 2352 ubi
176 2277 281 2349 etiam
299 2268 458 2370 lparlrm,
487 2293 649 2369 quaenam
672 2270 780 2348 cuusae
795 2291 876 2346 tum
908 2260 1109 2372 principes,

85 2401 164 2463 tum
187 2383 421 2482 pontificem,
451 2382 720 2483 conciliumque
742 2380 950 2460 Romanum
972 2387 1014 2460 ad
1033 2402 1111 2461 tan-

61 2528 67 2578 ε
84 2511 165 2601 tunt
184 2497 319 2600 facinus
341 2497 628 2578 commoverint,
650 2496 777 2590 attigi,
794 2495 876 2592 ipsa
893 2498 1115 2572 etiamuxoa

61 2645 64 2689 z
87 2630 124 2685 te
142 2606 353 2692 lldelheide,
384 2606 427 2681 ad
445 2630 511 2708 an,
528 2623 639 2694 1095.
660 2619 698 2680 ut
719 2603 905 2682 Bertoldus
925 2601 1131 2684 Constante

61 2735 232 2805 ¹narrat,
265 2718 385 2793 multi's
410 2718 547 2793 iniuriis
574 2715 742 2802 taceffna,
772 2717 961 2816 multisque
994 2721 1114 2806 annis,

61 2855 133 2911 ;ne
163 2832 381 2915 elaberetur,
413 2828 611 2914 custodita,
650 2828 793 2904 tandem
821 2829 864 2904 ad
896 2825 1116 2906 Welfonem
1165 2857 1168 2860 ·

91 2942 218 3020 ducem
247 2941 353 3019 ltaliae
372 2941 610 3038 aufugiente,
640 2963 719 3038 quae
745 2940 777 3016 le
794 2955 938 3025 tantas,
971 2954 1119 3040 tamque

91 3054 574 3153 inauditaslornicationum
598 3049 804 3150 spurcitias,
830 3055 1016 3127 etutantis
1044 3053 1121 3151 pala

94 3167 163 3243 lam
191 3161 292 3240 soille
318 3163 511 3263 conquesta
537 3164 604 3248 est,
637 3176 676 3238 ut
700 3163 821 3261 fugam
854 3161 950 3239 luam
975 3164 1148 3240 excusae.

96 3289 157 3355 ret,
219 3274 457 3380 Dodechinus
488 3278 526 3350 in
550 3273 997 3375 append.“·ad'lllariannm
1031 3279 1121 3352 Sco:

61 3440 66 3450 ·
95 3406 171 3466 turn
199 3388 240 3463 nd
259 3410 398 3465 ‘aunum
423 3392 534 3475 ¹096·
566 3402 764 3485 memorat,
799 3385 987 3484 iplietiant
1007 3388 1123 3465 ,Com-
1161 3392 1170 3456 's

68 3501 182 3578 -rado
216 3491 312 3586 lilio,
359 3501 396 3575 ni
432 3512 581 3574 matrem
619 3504 870 3596 corrumperet
897 3521 1121 3586 novercam,

61 3609 272 3689 {minatum
295 3626 453 3711 patrem,-
485 3623 653 3711 tanquam
675 3610 832 3709 spurium
851 3609 963 3686 filium
985 3610 1015 3685 le
1036 3626 1125 3706 pro-

61 3718 343 3801 {clamaturum
403 3720 485 3799 Eius
512 3731 586 3798 erat
611 3723 763 3809 indolis,
794 3730 836 3800 tlt
857 3707 1126 3816 omnium'qui:

68 3836 164 3911 enus
193 3840 236 3910 ab
260 3834 405 3910 infantia
434 3836 583 3912 traditus
618 3836 755 3920 fuerat,
813 3856 934 3908 curam
955 3831 1126 3918 ›fallereta

61 3934 258 4136 'Isi'iffimaet
268 3947 398 4034 ¹matris
420 3944 566 4045 Agnetis
587 3948 767 4134 ppimum,
807 3944 935 4021 deiude
963 3940 1128 4133 Argiuum

138 4076 207 4134 on.
260 4100 268 4132 s
981 4113 985 4120 -
1032 4079 1073 4135 oe
1139 4127 1141 4130 .
