2438 4470
144 222 225 302 354
493 201 637 296 Ecclesia
667 201 828 284 militans
937 173 942 323 '¹
1046 219 1052 232 ’

141 392 180 448 ca
201 369 264 446 sub
285 366 505 447 Innocentio
536 367 576 445 ll.
606 367 816 456 damnatus,
848 371 1213 473 patriaque'pulsus'

45 504 48 511 ’
140 485 178 558 in
190 481 391 559 Helvetium
411 483 443 555 se
456 480 679 568 contulerat,
699 484 823 558 urbem
834 476 1076 560 Turicensem
1094 489 1187 593 diue.

119 593 209 671 'cefi
240 591 500 671 Constantiensr
522 592 730 669 subiectam:
761 615 870 694 quem
894 617 1107 684 memorat,
1139 603 1185 676 al.

140 707 247 782 licere
273 705 332 778 sabi
356 704 523 780 homines
547 706 686 781 blandis
711 705 950 793 sermonibus,
980 725 1019 784 et
1043 708 1184 789 famula.

142 823 243 896 tione
268 820 475 891 virtutum:
522 820 557 891 in
591 839 689 916 qua,
732 874 753 909 ,‚
775 815 933 895 Demum
962 843 1054 895 cum
1078 824 1183 903 fuerit

139 984 161 1022 „
188 932 206 1023 (
222 926 395 1026 pergin)
440 927 484 1002 de
517 925 661 1005 illorum
690 947 828 1026 captata
860 932 1120 1012 benevolentia
1148 955 1182 1015 et

138 1096 160 1133 „
190 1039 426 1116 familiaritate
453 1039 620 1126 securus,
652 1042 816 1117 videbitis
844 1040 1040 1120 hominem
1063 1065 1203 1146 aperte

140 1208 162 1246 ,‚
194 1154 375 1249 insurgere
394 1155 430 1228 in
457 1153 614 1236 clerum,
644 1154 776 1228 fretum
802 1155 985 1253 tyrannidi
1012 1159 1175 1249 militari,

136 1321 159 1357 ,‚
190 1265 371 1362 insurgere
398 1267 433 1338 in
452 1264 547 1362 ipsos
578 1264 783 1365 episcopos,
816 1282 851 1341 et
872 1269 905 1339 in
923 1291 1080 1347 omnem
1109 1273 1169 1372 pas
1181 1276 1183 1278 ’

137 1433 160 1470 „
191 1374 252 1452 stur
291 1375 561 1454 ecclesiasticum
589 1376 756 1452 ordinem
797 1374 1012 1472 desaevire„.
1071 1381 1184 1473 Extat.

139 1490 185 1565 de
212 1490 369 1566 Arnaldu
385 1487 566 1566 Guntheri
590 1485 756 1586 Ligurini
775 1509 945 1575 carmen,
977 1496 1011 1567 in
1032 1515 1108 1593 quo
1129 1497 1174 1574 de

139 1598 326 1700 Tigurinis
361 1597 504 1681 Amaldi
528 1597 751 1676 sermonibus
774 1604 887 1698 captis
920 1599 967 1680 sac
999 1612 1114 1684 canit:

194 1726 302 1809 Unde
326 1749 504 1807 venenato
536 1727 675 1808 dudum
705 1749 877 1830 corrupta
909 1731 1062 1831 sapore,

193 1839 237 1921 Et
272 1847 424 1919 nimium
450 1841 520 1918 salsa
545 1843 714 1920 dodrinae
744 1847 830 1918 vatis
852 1842 1064 1935 inhaerens,

191 1956 315 2033 Servat
341 1955 458 2034 adhuc
478 1974 554 2032 uvae
580 1955 725 2054 gustum
755 1972 845 2054 gens
869 1952 1121 2064 illa'paternae.

136 2082 322 2186 Episcopis
353 2083 482 2183 regalia
506 2108 547 2161 ac
580 2084 711 2170 seuda,
758 2079 895 2161 clericis
919 2102 955 2163 et
985 2085 1170 2190 monachis⁸

136 2199 320 2274 bonorum
350 2197 597 2297 quorumlibet
639 2200 896 2297 proprietatem
935 2213 973 2274 et
994 2197 1165 2300 possessio·

134 2331 218 2385 nem
246 2306 421 2386 Arnaldus
460 2311 643 2405 negabat,
691 2308 914 2408 perinde'ac
950 2311 1165 2392 Waldenser

134 2420 290 2498 eiusdem
323 2425 433 2498 aetatis
465 2422 643 2504 haeretici,
674 2425 736 2522 qui
766 2442 915 2497 omnem
947 2424 1182 2505 clericorum·

133 2544 169 2611 et
207 2530 379 2609 laicorum
415 2533 705 2620 dilllnsiionem,
755 2557 796 2610 ac
831 2532 1186 2636 subordinationem·

134 2638 335 2732 tollebant,
358 2645 522 2745 praelatos
543 2639 687 2730 scribas,
716 2660 751 2721 et
772 2646 958 2744 religiosos
978 2651 1165 2747 phariseos

133 2758 377 2858 appellantes,
403 2760 439 2831 in
457 2757 643 2856 episcopos
663 2751 939 2859 Romanamque
960 2760 1088 2841 sedem
1112 2768 1166 2839 ima

131 2873 257 2968 primis
288 2862 469 2955 iniuriosi,
510 2890 617 2969 quam
645 2872 868 2946 meretricem
902 2874 939 2946 in
965 2874 1164 2978 apocalypsi

130 2980 341 3081 descriptam
366 2981 552 3074 dicebant,
597 2998 637 3057 ut
661 2979 758 3080 apud
788 2976 986 3059 Reinerum
1016 3006 1057 3065 et
1083 2992 1162 3067 alios

130 3081 235 3170 alac}
264 3093 435 3187 Gretsero
470 3092 587 3170 editos
620 3092 731 3170 libros
763 3093 883 3193 legere
902 3095 962 3172 est.

212 3266 404 3370 Pervagata
443 3274 570 3351 lterum
606 3288 681 3350 erat
707 3271 854 3351 ineunte
879 3273 951 3352 iam
989 3280 1060 3358 sec.
1081 3273 1160 3360 Xll.

130 3382 176 3459 de
202 3384 357 3461 adventu
374 3385 580 3462 Antichrisli
609 3385 722 3471 sama,
769 3401 810 3462 ut
828 3380 1008 3468 Batonius
1041 3395 1086 3469 ad
1110 3418 1159 3469 an.

136 3505 249 3571 1106.
281 3516 325 3590 ex
352 3498 434 3572 aliis
460 3500 504 3572 de
531 3500 600 3573 vita
632 3496 801 3574 Paschalis
822 3498 862 3575 ll.
885 3495 921 3576 P.
938 3505 1161 3581 animadver-

129 3611 315 3696 altmar.
348 3610 409 3706 qui
429 3609 516 3684 dum
543 3612 579 3685 in
605 3612 731 3684 itinere
759 3615 794 3685 in
823 3606 976 3688 Galliam
1009 3619 1055 3692 ad
1078 3639 1159 3693 con·

128 3721 249 3796 cilium
270 3719 423 3818 positus,
458 3718 674 3796 Florentiam
700 3712 931 3820 pervenisset,
964 3725 1013 3803 de
1032 3727 1158 3805 adven·

128 3849 167 3908 tu
194 3828 398 3908 Antichristi
429 3836 597 3931 proxime
620 3834 747 3919 futuro
766 3834 912 3934 sparsam
946 3836 1084 3916 santam
1112 3844 1156 3915 in·

128 3948 297 4032 veniens,
330 3943 518 4023 Florentiae
539 3945 704 4024 substitit,
754 3943 803 4025 At
829 3997 852 4040 „
871 3968 955 4024 cum
979 3948 1156 4160 {ordibssets

229 4093 230 4096 ¹
894 4108 957 4159 a
1039 4090 1072 4160 u·
