2400 4478
115 268 118 273 ι
225 230 376 306 regnum
409 199 539 294 curisti
563 206 603 281 in
630 196 745 287 istit
768 227 796 283 c.
824 202 954 287 XXII.
1014 210 1094 306 167

53 381 180 474 ptura:
236 362 326 450 Non
360 370 522 471 alligabis
557 393 598 446 os
634 369 948 447 bovitriturantlv
990 430 1014 466 ‚,
1026 373 1092 453 Et:

58 544 83 581 „
113 486 246 585 dignus
267 485 317 561 est
333 489 517 583 operarius
535 480 700 560 mercede
719 483 787 559 sua.
802 539 824 576 ‚,
882 482 955 561 Ubi
976 489 1094 586 probe

58 597 289 682 notandum,
321 596 399 674 haec
433 596 477 672 ad
507 595 742 672 constitutum
769 618 788 691 a
815 596 849 673 ie
872 598 909 673 in
938 594 1094 680 Ecclesia

57 711 251 789 antistitem
276 708 367 795 dici,
399 731 507 809 quem
535 708 701 798 instruit;
731 707 843 786 allatae
865 722 986 788 autem
1011 711 1094 791 alle.

59 826 227 924 gationes
252 820 439 924 produnt,
471 819 652 918 duplicem
677 817 858 897 honorem
883 846 966 899 eum
1000 820 1092 918 elle,

56 959 169 1037 quem
201 950 279 1013 tum
306 937 344 1010 in
373 935 570 1009 reverentia
599 933 716 1008 debita
743 933 862 1030 pallor
890 938 1092 1018 animarum

57 1046 250 1148 exposcat,
281 1069 365 1123 cum
387 1048 494 1122 etiam
512 1043 613 1146 quod
637 1043 825 1123 decentem
850 1047 929 1123 vitae
949 1052 1093 1130 cultum

57 1165 212 1253 attinet;
256 1158 433 1236 ne‘forte
469 1182 552 1234 eum
595 1180 640 1234 ex
679 1155 880 1245 humilitate
913 1159 1096 1259 respueret

15 1344 18 1348 ,
59 1271 284 1352 Timotheus
300 1271 327 1357 ,'
343 1274 379 1346 in
412 1269 530 1356 vitiu,
548 1271 697 1355 vellito,
721 1269 937 1370 reliquoque
968 1271 1094 1355 habitu

59 1382 185 1486 quoad
210 1383 335 1458 statum
350 1397 542 1460 externum
560 1385 666 1457 etiam
687 1381 972 1460 honorabilema
988 1388 1096 1464 mini-

58 1498 169 1574 sterio
182 1494 282 1572 lacto
301 1493 395 1572 haud
409 1495 587 1580 alienum,
616 1517 685 1572 nec
705 1492 945 1592 respuendum
959 1487 1007 1575 ab
1018 1497 1095 1575 hie·

60 1606 218 1700 tarchis3
252 1630 329 1682 non
350 1606 498 1706 quidem
523 1603 662 1704 qualem
696 1605 905 1684 damnatum
926 1610 962 1683 in
981 1607 1095 1691 Paulo

61 1712 295 1801 Samosateuo
316 1719 493 1816 legimns,
524 1716 708 1818 resputum
732 1741 820 1794 vero
840 1743 859 1796 a
883 1719 1095 1805 saniliffimo

61 1831 192 1912 Africae
221 1831 374 1907 antistite
406 1831 613 1931 Cypriane,
644 1827 798 1944 dequo
832 1829 983 1911 Pontius
1017 1839 1095 1915 eius

61 1944 238 2024 diaconus
267 1946 306 2018 in
333 1943 428 2019 illius
453 1943 521 2017 vita
551 1942 714 2019 testatur:
743 1999 766 2035 „
793 1941 885 2022 Non
909 1944 1009 2023 illum
1038 1946 1095 2027 su.

61 2113 85 2152 „
116 2059 238 2158 perbia
267 2054 438 2133 secularis
471 2051 672 2140 inflaverat,
702 2077 786 2143 nect
805 2068 927 2133 tamen
951 2060 1097 2158 prorsus

57 2224 86 2265 .„
113 2166 271 2247 affetiata
302 2170 450 2266 penuria
486 2165 715 2243 sordidaratt'
733 2170 816 2267 quia
848 2167 924 2246 hoc
953 2170 1098 2253 vestitus

62 2337 86 2376 „
115 2305 233 2380 genus
254 2304 274 2356 a
298 2279 458 2357 iaetantia
486 2281 608 2356 minus
632 2294 711 2355 non
737 2279 807 2366 est,
838 2303 947 2382 quam
977 2283 1097 2361 olien-

62 2408 188 2488 „tata
226 2391 342 2468 taliter
378 2391 566 2469 ambitiosa
607 2388 802 2489 frugalitas.
820 2448 847 2485 ‚,
915 2392 1023 2472 Teste
1059 2394 1096 2474 S.

63 2505 272 2605 Augustino
282 2503 320 2592 n)
337 2503 370 2582 S.
392 2503 619 2605 Cyprianus,
646 2558 669 2594 „
688 2502 845 2602 collegas
861 2503 941 2582 suos
960 2505 1097 2586 fundos

64 2675 88 2713 ,‚
118 2615 290 2694 inlidiofis
321 2615 501 2696 fraudibus
535 2616 730 2714 rapientes,
770 2616 886 2693 u‘iuris
923 2616 1098 2719 multipli-

64 2781 88 2834 -‚‚
120 2731 286 2807 cantibus
310 2727 655 2826 foenusaugentes,
696 2750 860 2827 quorum
884 2731 1099 2820 avaritiam,

63 2899 89 2938 „
120 2866 200 2918 non
233 2841 313 2918 leve
342 2839 492 2941 aliquod
525 2841 676 2925 vit-ium,
703 2837 765 2914 sed
798 2834 869 2917 elle
894 2839 1099 2922 idolatriam

65 3012 91 3050 „
121 2954 317 3032 secundum
355 2951 560 3050 apostolum
603 2948 807 3038 intellexit,
849 2975 920 3052 pro
951 2955 1099 3035 unitatis

65 3123 91 3161 „
122 3066 269 3171 vinculo
308 3064 456 3168 pertulit
495 3063 606 3149 tales,
648 3085 716 3141 nec
757 3087 887 3141 eorum
922 3070 1099 3166 contagio

65 3235 90 3274 „
119 3178 231 3255 fadus
264 3177 315 3255 eii
344 3176 452 3252 talis:
477 3173 625 3254 dilcellat
655 3175 700 3250 ab
737 3177 789 3251 eis
821 3175 1102 3260 diffinailitudiue

65 3342 93 3386 ,5
121 3313 294 3376 morum,
325 3312 404 3365 non
419 3286 594 3379 disifione
615 3288 943 3379 sacramentorum,
973 3306 1009 3368 et
1032 3298 1102 3369 im·

66 3459 91 3502 „
122 3403 302 3480 mundum
329 3425 411 3478 non
443 3402 583 3498 tetigit,
614 3398 672 3477 sed
704 3399 851 3479 alodiis
880 3427 1012 3482 eorum
1040 3407 1104 3483 ab.

68 3571 92 3609 „
123 3515 334 3602 horrendo,
365 3536 442 3589 non
470 3511 629 3591 seorsum
653 3511 814 3612 populos
837 3515 1056 3616 colligendo.
1078 3575 1101 3611 ,‚

70 3626 192 3721 Quod
205 3625 241 3703 ia
261 3649 349 3704 vero
374 3600 608 3724 nonssmper
628 3625 777 3702 eandem
810 3629 1102 3706 moderationem
1160 3666 1166 3677 ·

71 3762 204 3820 omnes
223 3739 404 3818 sactorum
425 3739 599 3814 antistites
613 3751 831 3824 tenuerunt,
862 3742 1103 3848 autambitio·

70 3875 122 3929 ne
135 3851 247 3940 elati,
275 3865 337 3928 aut
353 3850 496 3926 avaritia
515 3849 670 3943 fedutli3
701 3874 745 3926 an
767 3850 849 3928 ideo
866 3850 981 3927 artum
1004 3849 1104 3931 fuisse

112 4069 147 4150 a)
157 4067 191 4136 L.
212 4065 251 4134 ll.
273 4031 375 4130 contra
400 4064 546 4132 Gaudent.
556 3959 678 4130 [findat.
703 4084 734 4129 n.
760 4085 810 4129 ιο.
832 4064 869 4132 Τ.
895 4062 950 4132 ΙΧ.
977 3963 1104 4151 pddpz.
