2400 4478
137 209 213 291 158
497 186 642 288 &cusia
665 189 826 272 militans

130 353 404 437 coadiutoribus
430 353 519 446 iuis.
546 375 720 452 qaorum,
750 355 889 456 inquit,
918 351 1156 454 nominasent

130 475 169 548 in
188 467 281 546 libro
306 468 400 544 oitae.

211 627 248 707 Is
271 627 438 728 deinceps
460 629 497 707 in
521 623 687 707 Romana
703 622 783 706 sede
799 624 1034 718 constitutus,
1062 627 1158 734 quod

130 742 182 823 sui
209 740 367 818 muneris
385 754 487 827 erat,
529 743 565 817 in
594 740 761 818 cathedra
787 736 882 819 Petri
910 742 1157 841 apostolorum

131 856 302 955 principis
334 852 488 931 studiose
510 852 559 929 est
580 850 789 983 prosecutus
811 850 846 929 in
874 852 1057 932 ecclesiam
1087 855 1158 934 Co·

129 962 374 1055 rinthiacam,
407 965 466 1041 ad
502 988 612 1065 quam
637 966 708 1041 iam
745 962 816 1042 aS
833 959 945 1043 Paulo
966 964 1161 1046 institutam

40 1106 46 1117 ·
129 1072 648 1177 gravrismasdedrtirtteras
687 1092 773 1161 cuna
799 1079 895 1154 inea
917 1074 1057 1176 essent,
1100 1080 1157 1181 qui

129 1190 402 1281 exorbitarent,
432 1189 633 1290 posthabita
653 1187 774 1266 debita
793 1210 876 1286 erga
895 1178 1067 1320 iyaper'rare
1084 1190 1157 1268 sub-

130 1298 387 1391 ordinatione,
419 1323 495 1378 non
516 1296 554 1389 o)
575 1317 616 1379 ut
640 1301 738 1400 prius
755 1300 976 1377 amb'nIantes
1004 1351 1028 1394 „
1043 1305 1078 1378 io
1091 1300 1158 1381 Dei

126 1470 151 1508 „
180 1412 379 1513 legitimis,
425 1412 569 1492 subiedi
596 1409 791 1514 praepofitis
815 1413 954 1499 vestris,
986 1428 1024 1490 et
1044 1411 1158 1493 hono·

127 1582 150 1620 „
179 1548 254 1604 rena
289 1524 450 1603 debitum
484 1526 683 1604 tribuentes
720 1525 938 1625 presbyteris
979 1521 1101 1605 v'e'stris
1126 1579 1157 1621 „.

131 1637 251 1732 Quod
265 1662 352 1715 vero
370 1642 418 1714 rei
436 1653 545 1738 caput
561 1637 610 1714 est
623 1639 743 1714 divina
764 1636 934 1714 nimirum
952 1635 1091 1727 nriffio,
1111 1662 1160 1717 ra·

129 1751 194 1827 dix
219 1751 338 1825 omnis
364 1751 545 1847 potestatis
565 1747 760 1845 legitimae,
790 1744 933 1834 nonaed
955 1752 1080 1839 enim,
1120 1762 1158 1830 nt

129 1860 325 1960 Apostolus
352 1859 465 1948 dicit,
505 1858 653 1957 potelius
674 1857 712 1949 b)
739 1857 805 1950 ‘nist
837 1858 967 1948 alien,
998 1860 1158 1964 adeoque

129 1975 167 2048 in
194 1965 344 2048 Ecclesia
366 1970 439 2049 Dei
459 1974 615 2058 nemini,
655 1968 718 2049 nifi
745 1970 804 2052 cui
835 1968 951 2075 aDeo
978 1970 1061 2052 data
1088 1974 1156 2063 est.

15 2137 17 2142 -
56 2125 89 2167 ,ι
128 2098 339 2184 competere
368 2086 512 2184 potest;
558 2082 651 2161 hanc
679 2083 713 2162 8.
728 2079 899 2162 Clemens
922 2078 1003 2186 ipfis
1030 2085 1156 2166 Christi

56 2220 61 2243 ³
129 2193 287 2274 Domini
314 2198 449 2272 verbis:
496 2189 594 2272 Sicut
626 2219 681 2271 me
712 2194 804 2289 mifit
829 2192 970 2285 Pater.
1014 2199 1070 2275 t'tn
1100 2217 1155 2295 rgo
1194 2286 1196 2291 ,

128 2310 234 2383 mitto
255 2326 341 2395 vor,
372 2326 444 2408 prae
469 2304 585 2385 oculis
611 2303 768 2396 habitis,
814 2323 923 2409 atque
955 2304 1069 2388 veluti
1094 2331 1155 2412 pro
1194 2350 1196 2383 ;

129 2417 367 2497 fundamento
394 2418 537 2519 positis,
567 2420 669 2497 itan.
692 2435 758 2513 42
789 2419 964 2499 declarat:
993 2471 1018 2514 „
1038 2415 1155 2500 Missua

124 2584 150 2625 ,,
179 2531 228 2608 e'st
266 2530 428 2610 Christus
483 2531 640 2618 aDeo,
698 2547 735 2609 et
764 2529 918 2638 apostoli
960 2532 1153 2613 aChristo

127 2698 151 2739 ‚,
180 2639 306 2745 ltaque
333 2645 487 2745 acceptis
525 2642 733 2732 mandatis,
790 2658 826 2721 et
862 2642 1068 2724 confirmati
1100 2664 1196 2747 per

125 2761 328 2850 „verbum
356 2754 424 2834 Dei
454 2779 537 2832 cum
564 2756 717 2856 Spiritus
749 2753 784 2834 8.
800 2742 1196 2885 plenitudiue'egreffi:

126 2866 269 2960 „hunt
327 2864 562 2946 Praedicantes
583 2869 694 2968 igitur
714 2891 777 2971 per
800 2872 968 2967 regiones
990 2887 1036 2948 ac
1056 2870 1152 2950 uther
1193 2924 1196 2995 3

39 3053 41 3058 ,
125 3033 149 3075 „
121 2919 350 3108 primitias
378 3002 532 3067 eorum,
587 3005 680 3081 quos
701 2983 739 3056 in
764 2979 898 3080 Spiritu
935 2974 1196 3114 probarunt.i

123 3140 150 3187 4,
178 3093 215 3166 in
236 3090 424 3191 episcopos
451 3110 487 3168 et
513 3092 689 3170 diaconos
713 3115 872 3182 eorum,
922 3097 985 3194 qui
1015 3095 1196 3199 incipie-

124 3200 264 3298 „bant
301 3200 470 3292 eredere,
516 3197 781 3282 constituerunt
805 3257 837 3297 ‚‚.
899 3202 1006 3300 Quid
1033 3198 1153 3309 plora?

125 3334 212 3395 cum
240 3330 359 3392 toturn
384 3316 540 3416 epistolae
563 3333 827 3446 argumentum
850 3316 885 3394 in
919 3322 1150 3397 contentione

125 3424 274 3508 sedanda
296 3430 629 3530 componendaque
654 3430 698 3505 de
717 3431 866 3506 nomine
893 3444 928 3507 et
950 3430 1150 3511 autioritate

123 3534 352 3641 episcopatus
373 3542 536 3618 adversus
562 3542 712 3617 aemulos
733 3542 910 3628 versetur,
945 3547 1150 3621 memoriam

125 3654 315 3740 refricans,
345 3654 524 3742 adeam,
555 3677 663 3753 quarn
700 3652 861 3733 Christus
893 3654 963 3731 suis
987 3652 1192 3757 apostolo·
1188 3686 1196 3751 r

123 3766 226 3854 dedit
246 3765 467 3854 doctrinam.
511 3788 595 3844 cum
625 3788 699 3843 uon
729 3765 875 3843 semel
864 3783 959 3844 mter
991 3790 1056 3846 eos
1082 3778 1149 3846 ortt
1185 3796 1196 3869 r

987 3879 1104 3960 fuerat
1187 3886 1190 3893 '

163 4040 200 4118 a)
220 4036 249 4104 S.
264 4029 402 4102 Clemens
418 4048 464 4114 ep.
485 4029 524 4098 ad
545 4030 612 4099 Cor.
636 4047 668 4096 n.
691 4046 720 4096 a·
782 4032 817 4113 i)
838 4029 924 4098 Rom.
942 4031 1026 4101 Xili.
1047 4053 1079 4103 2.
1182 3922 1196 4401 ι
