2400 4478
104 214 161 315 ’τι
487 211 630 311 Βεοῖεβα
656 213 815 296 mllilam

104 377 290 466 Patron,
310 379 412 457 culus
426 375 495 455 sata
509 393 545 455 et
560 381 745 456 interitum
767 379 801 456 S.
817 376 967 456 loannes
992 379 1032 458 ln
1054 378 1161 481 apo.

106 491 237 592 calvpll
266 491 447 578 describit,
479 493 525 566 de
547 514 617 590 qua
638 490 879 567 Tertullianus
916 492 1042 567 iisdem
1072 519 1157 570 om·

107 609 199 681 nino
239 603 383 687 vorbIs,
428 621 463 677 et
491 607 527 678 ln
562 603 620 678 lib.
650 624 776 680 contra
811 602 949 678 ludaeos
989 627 1019 681 c.
1050 629 1086 692 9.
1118 622 1155 684 et

105 713 160 792 lro
187 712 248 792 lll.
273 733 400 792 contra
427 710 686 801 Marcionem,
717 712 760 804 fio
785 725 820 789 aa
840 711 994 807 Babylon
1013 721 1151 805 eliam,

105 827 226 921 inquit
270 823 309 914 a)
334 825 429 922 apud
457 827 622 903 loannem
665 824 817 913 nostrum
849 825 1011 902 Romano
1049 826 1152 908 urbis

93 935 221 1041 finum
235 932 303 1024 eb,
330 938 480 1034 proinde
496 949 528 1013 et
547 961 708 1032 magna,
732 950 764 1012 et
781 961 890 1033 ragno
905 936 1066 1036 superbo
1086 997 1096 1027 ,
1117 947 1152 1017 εἰ

97 1048 307 1152 fundorum
343 1047 581 1126 debellatricis.
603 1049 646 1127 Et
669 1051 712 1126 ’8,
733 1047 979 1151 Hieronymus
1015 1054 1050 1126 ln
1073 1077 1147 1151 cap

105 1159 283 1265 XLVIII.
302 1160 340 1239 Il.
361 1165 405 1237 de
418 1166 526 1239 ruIna
542 1160 757 1261 Babylonis,
774 1162 919 1240 testatur
938 1186 982 1239 ex
996 1162 1150 1242 aliorum

105 1279 213 1352 etiam
239 1274 435 1361 lententIa,
469 1298 545 1350 non
573 1271 680 1373 Ipsam
709 1273 957 1374 Babylonem,
989 1270 1048 1352 led
1077 1277 1150 1356 Ro-

104 1409 249 1464 manam
275 1387 430 1485 intelligi
462 1386 608 1471 urbem,
641 1410 738 1482 qua,
772 1389 912 1487 inquit,
943 1390 983 1462 in
1016 1389 1147 1485 apocr.

103 1495 189 1594 &pb
216 1496 358 1574 Ioannis
388 1509 423 1574 et
452 1501 491 1572 in
520 1495 657 1594 epillo'lcr
695 1496 796 1577 l’etrr'
831 1491 990 1594 Babylon
1010 1498 1148 1605 speria-

102 1607 188 1693 Iitea
213 1610 438 1707 appellatur,
471 1622 505 1686 at
533 1612 676 1695 cunno,
707 1634 780 1708 quo
807 1633 901 1686 nunc
930 1611 977 1687 od
1002 1610 1148 1706 Rabylo-

99 1743 183 1801 nem
216 1721 415 1809 bibuntur,
469 1722 563 1801 illius
594 1727 706 1799 ruina
743 1726 933 1799 convenire
963 1721 1144 1810 bellantur.

98 1829 144 1921 ld
169 1833 284 1931 lplum
310 1837 535 1912 ominantem
563 1834 683 1933 postea
711 1835 744 1912 S.
762 1832 1032 1936 Hleronymum
1061 1861 1147 1938 pau.

99 1941 142 2021 Io
166 1962 249 2020 ante
269 1945 497 2030 audirlmus,
530 1945 725 2046 pallnnque
754 1946 874 2044 legere
904 1947 979 2036 est,
1020 1942 1153 2029 eadem

98 2058 293 2159 praelertlm
329 2061 365 2132 in
403 2054 564 2134 Damells
592 2055 671 2135 Vll.
704 2055 939 2136 different-em.
1000 2059 1147 2139 Conve-

98 2166 313 2245 nientifflme
333 2185 451 2245 autem
475 2187 677 2244 memorato
696 2168 733 2246 Is.
753 2167 925 2249 XLVIII.
958 2171 1045 2248 Ioco
1073 2175 1143 2256 a&

52 2362 56 2367 ,
98 2279 305 2373 Augustino
335 2281 411 2354 Ilbr.
440 2278 580 2358 XVIII.
613 2281 658 2356 de
685 2283 780 2358 clvit.
810 2281 882 2359 Dei
907 2307 936 2360 c.
964 2304 1026 2361 22.
1059 2286 1147 2363 dlci.

41 2380 46 2389 ’
98 2404 159 2472 tur
189 2387 228 2479 b)
253 2391 349 2467 velut
368 2390 476 2468 altera
497 2389 679 2493 Babylon,
712 2408 769 2480 et,
799 2392 898 2469 vetur
919 2397 1056 2492 prioris
1062 2395 1146 2494 filio

98 2501 288 2597 Babylonis
309 2503 502 2600 appellatur
525 2507 652 2580 civitas
678 2503 814 2592 Romo,
846 2506 891 2583 de
907 2531 976 2606 qua
994 2511 1065 2584 Iam
1092 2509 1146 2589 so..

28 2648 35 2659 ’
97 2640 163 2717 pra
189 2639 219 2694 c.
241 2637 275 2694 2.
310 2619 404 2692 idem
433 2616 467 2693 S.
486 2614 646 2702 Dollor,
690 2615 882 2711 babylonia
908 2617 1002 2713 quast
1022 2620 1146 2716 primo

96 2725 236 2816 Roma,
259 2731 325 2811 ait.
353 2726 465 2804 Romo
482 2727 736 2824 quobsrcundo
758 2725 956 2823 Babylonio.
1018 2731 1145 2827 Quam

95 2845 286 2939 utriusque
316 2843 466 2920 civitatIs
491 2844 798 2937 comparationem
825 2842 1035 2970 explrcatlus
1057 2841 1146 2926 edis-

94 2951 178 3036 serit
203 2949 358 3030 Orofius
389 2951 422 3030 S.
443 2953 631 3080 Augustini
653 2952 888 3051 discipulus
880 2980 917 3028 m
941 2955 1001 3033 Iua'
1032 2956 1144 3036 billo-

94 3066 146 3144 ria
179 3059 212 3161 c)
238 3087 314 3137 non
344 3087 421 3138 uno
449 3080 589 3140 tantum
620 3068 655 3138 in
692 3064 806 3151 loco,
853 3084 962 3166 atque
990 3091 1036 3144 ex
1065 3067 1143 3167 lpfia

73 3178 201 3257 ¹etiam
238 3173 523 3259 Protellantlbus
559 3174 788 3281 bullingerus
826 3166 1005 3287 Zwlnglii
1042 3181 1127 3256 dr
1096 3205 1145 3266 cr

89 3287 223 3388 polos,
256 3285 452 3370 Grotius'
443 3306 554 3373 rte-m,
577 3305 612 3363 et
637 3273 883 3364 Hamnndus
873 3309 909 3364 m
938 3282 1141 3392 Apocalyp-

89 3398 142 3486 {in
163 3423 239 3478 rem
266 3401 345 3474 satis
376 3400 692 3484 demonstrarunt,
732 3419 770 3484 ut
794 3404 863 3481 iam
888 3404 936 3476 est
959 3429 976 3476 a
997 3402 1033 3482 B
1057 3403 1145 3483 BoL

90 3511 168 3593 suet
190 3524 405 3586 annotatum
432 3513 468 3586 in
487 3509 697 3608 prolatione
716 3517 968 3595 commentarii
985 3519 1021 3592 in
1044 3519 1146 3616 Apo-

90 3619 274 3721 calypl'rn,
308 3622 368 3697 ubi
391 3621 464 3696 hoc
489 3622 602 3720 Ipsum
624 3625 799 3720 impn'mb
823 3643 898 3723 agrt
923 3625 959 3703 Ρ.
988 3626 1030 3706 II.
1064 3651 1147 3729 qum

89 3735 204 3818 est'de
231 3733 522 3835 praedicliomhos
548 3733 592 3824 d).
612 3733 873 3842 Apocalypfis,
903 3761 979 3848 cap.
1013 3739 1081 3826 lll
1107 3754 1146 3825 rr

986 3851 1091 3931 dein*

130 3968 215 4048 a)p.
243 3987 310 4047 ¹39·
334 3982 365 4032 et
386 3987 457 4043 404
483 3971 538 4033 &o
596 3967 768 4040 aaran
794 3989 913 4058 p504
972 3973 1079 4054 ΜΒ
1104 3972 1144 4047 11·

68 4071 182 4218 x3,
207 4052 270 4117 Vll.
296 4071 324 4118 2
390 4052 552 4126 arnul
576 4071 643 4136 app.
667 4071 697 4133 p
726 4070 793 4136 ³¹²
