2400 4478
118 264 176 324 te
465 232 610 332 Ecclesia
637 234 798 316 militant

197 401 275 486 Alia
308 403 554 481 recentiorum
583 400 844 502 Chyliastarum
875 395 1056 502 systemata
1083 394 1155 478 lau·

114 518 219 597 datus
243 539 448 616 anonymus
479 511 684 593 Turicenfis
708 509 748 607 a)
790 517 826 590 in
865 513 1008 591 historia
1034 516 1154 591 critica

113 628 296 710 Chilinsmi
320 628 433 706 multa
453 628 488 702 &
507 630 602 704 varia
632 625 798 704 recenset.
856 623 993 704 Eorum
1020 624 1079 700 alii
1109 646 1154 702 ex

114 737 340 820 vetustilllma
375 740 651 817 christianorum
689 738 948 817 iudaizantium
981 736 1153 817 sententie

112 854 242 936 urbem
282 850 686 953 Hierosolymitanam.
735 848 882 927 mirifice
914 864 1150 940 exornatam.

112 964 393 1066 ampliatamque
407 963 668 1042 instaurandam
693 963 893 1039 existimant
907 960 1153 1062 potentillimo
1188 1022 1190 1027 .

110 1102 198 1157 cum
222 1079 408 1179 imperio,
449 1075 556 1178 quale
574 1074 636 1152 fibi
660 1072 805 1152 ludaeia
832 1072 895 1151 suo
923 1071 1045 1152 Mellia
1076 1077 1151 1173 ipe·

111 1192 263 1280 rabant,
311 1191 350 1266 in
383 1212 461 1290 quo
488 1187 553 1289 iplr
576 1185 712 1273 ludaei,
755 1186 800 1264 ad
841 1185 1024 1265 Christum
1060 1209 1151 1264 cone
1188 1175 1190 1220 ³

112 1300 230 1393 verli,
268 1325 391 1379 rerum
422 1298 489 1378 lint
520 1301 672 1400 potituri
696 1298 790 1395 (nec
807 1298 959 1386 desunt,
990 1293 1053 1399 qul
1078 1299 1150 1377 hoe

112 1438 270 1515 regnum
300 1429 476 1493 aeternnm
511 1411 594 1490 fore
627 1406 866 1498 ominentur)
905 1429 1011 1510 atque
1042 1414 1150 1490 etiam

69 1515 76 1536 '
111 1527 378 1616 theocratiam,
418 1524 533 1627 qualis
561 1524 658 1626 apud
686 1520 862 1603 ¹Israeliten
887 1522 1069 1610 obtinuit,
1111 1525 1152 1602 in

110 1663 230 1740 regno
266 1638 328 1716 illo
367 1636 566 1714 millenario
609 1640 851 1713 obtenturam.
931 1635 999 1712 Alii
1028 1634 1151 1734 regale

35 1844 37 1849 ¹
68 1749 298 1852 ;‚qu0ddam
317 1746 556 1826 secerdotium
582 1747 706 1827 locum
722 1748 963 1825 habiturum
952 1771 988 1822 m
1017 1745 1150 1826 eodem

20 1852 40 1938 ’.ᾗ
70 1854 72 1859 ’
109 1883 229 1962 regno
252 1858 454 1937 millenario
483 1874 634 1959 putant,
665 1861 856 1938 coniunlta
873 1861 972 1959 regia
999 1881 1084 1936 cum
1100 1858 1151 1936 sa·

23 1958 55 2063 r?
109 1971 587 2070 cerdotalipotellate,ita
618 1970 873 2059 utilinhaim
904 1970 1150 2049 nonhaeerlll

107 2082 152 2164 fit
179 2083 395 2163 subiicienda
433 2105 518 2159 cum
549 2079 746 2182 pleniffime
771 2083 953 2185 utriusque
989 2081 1076 2160 sacri
1109 2085 1148 2159 δι

108 2195 249 2298 politrci
271 2195 377 2272 status
399 2194 607 2271 autloritnte
632 2198 702 2290 (ut
726 2197 824 2295 apud
857 2211 1083 2296 anonymum
1101 2191 1150 2286 b)

99 2307 229 2498 itti?
249 2303 610 2522 Ἳέιὲξέἒῗζὲῗῗέῗ
626 2307 1149 2498 {ltnttlltltlnlt⁰³³‘

188 2579 407 2660 Postremam
437 2578 531 2657 hanc
557 2603 626 2657 nos
656 2603 676 2657 a
708 2579 852 2660 Christo
885 2562 1058 2682 apostolis
1082 2582 1146 2662 da-

105 2707 181 2778 tam
206 2692 417 2793 potestatem
437 2695 474 2767 in
503 2715 630 2769 eorum
661 2690 914 2770 suceelloribus
938 2711 1146 2777 reveremur

106 2829 304 2907 perennem
331 2807 369 2880 in
400 2801 544 2883 ecclena
580 2800 755 2881 militante
792 2823 909 2904 regno
939 2803 1073 2886 Christi
1106 2811 1144 2886 in

107 2921 231 3005 terrim
263 2917 511 3015 experientia,
541 2915 578 2992 in
607 2931 705 2993 tanta
731 2915 889 2995 hostium
913 2918 1070 2997 eiusdem
1085 2943 1144 2999 ec·

104 3027 216 3109 clesrae
235 3030 274 3106 &
296 3027 579 3107 adversariorum
603 3026 684 3105 fidei
704 3026 859 3107 colluvie
875 3081 886 3118 .
916 3029 1001 3107 inde
1020 3032 1065 3108 ab
1080 3054 1146 3109 ex·

104 3142 215 3222 ordio
242 3132 432 3238 religionis
456 3139 651 3219 christianae
668 3141 804 3228 edotli,
841 3140 994 3219 herenna
1019 3141 1144 3218 tullo-

105 3256 210 3331 ritate
246 3252 479 3352 irrefragabili
511 3253 650 3330 firmam
682 3277 724 3330 ac
744 3248 987 3330 in'conculsem
1014 3253 1144 3332 stetille

104 3365 265 3466 stareque
301 3389 375 3440 rem
409 3361 841 3443 Romano-catholicam
876 3363 1141 3464 apostolicam:

103 3500 172 3556 nec
192 3477 292 3554 aliter
307 3499 375 3577 pro
390 3477 602 3556 conditione
617 3477 773 3555 humana
791 3477 908 3555 stabile
922 3475 1055 3578 aliquid
1072 3475 1142 3557 elle

104 3587 205 3694 polle
229 3590 265 3664 &
289 3589 517 3679 inviolabile,
548 3605 650 3670 certo
675 3605 849 3670 tenemus.
968 3675 970 3680 ,

147 4033 192 4113 ι)
209 4029 313 4099 'mut
340 4035 369 4101 Ρ.
381 4032 405 4099 Ι.
468 4035 513 4114 b)
532 4049 562 4111 p.
579 4048 646 4114 ¹32·
657 4029 734 4114 seqq,
982 3929 1017 4012 C
1045 3951 1089 4007 A·

68 4090 184 4216 ἱ
