2400 4478
81 230 134 316 98
203 159 208 187 :
432 164 577 312 hatita
605 209 766 297 militant

81 381 202 492 saris:
232 377 345 459 omnis
371 375 495 469 staini,
519 378 581 478 qui
598 378 638 480 se
663 398 783 479 regem
795 368 921 481 fucit,
959 376 1126 462 contradi·

89 501 139 575 cit
174 492 324 594 Casori3
361 490 407 571 Ec
436 498 567 572 iterum
593 496 663 570 iam
687 514 757 595 pro
781 486 953 572 tribunall
971 495 1126 586 sedenti,

88 632 130 687 ac
151 603 306 687 dicenti:
347 603 430 682 Ecce
460 603 537 682 Rex
560 602 705 700 veller3
737 601 800 692 Et,
832 623 952 702 regem
983 600 1126 697 delirum

88 716 332 815 crucifigam?
361 711 400 808 n)
423 719 704 817 respondentes:
726 734 796 791 non
811 711 976 794 habemus
997 738 1126 818 regem,

88 829 155 925 nifi
183 828 373 932 Caesarem,
392 844 518 906 contra
540 831 573 906 se
596 831 690 930 ipsos
715 829 961 908 testimonium
982 826 1126 922 dicunt,

90 943 346 1043 declarantque
372 941 558 1043 impletam
585 939 652 1018 else
685 941 942 1042 prophetiam,
974 943 1063 1023 dum
1085 946 1101 1022 s
1113 987 1126 1011 .

91 1070 237 1142 rentur,
269 1054 302 1131 se
324 1077 448 1152 regem
470 1074 549 1131 nori
566 1051 722 1139 habere,
754 1052 816 1127 nih
839 1049 1026 1134 Casarem.
1083 1056 1124 1136 Ut

89 1166 125 1245 fe
146 1169 337 1243 extricaret
357 1165 509 1254 Pilatus,
530 1166 618 1243 dicit
638 1169 705 1242 eis:
731 1156 769 1255 b)
784 1166 930 1263 occipite
952 1188 1033 1249 eum
1048 1190 1121 1257 vot,

90 1291 124 1358 et
147 1277 364 1375 crucifigite:
396 1274 657 1377 Responderunt
684 1280 717 1352 ei
746 1275 875 1353 iudei:
923 1273 1122 1380 heiligen

90 1388 279 1478 habemus,
311 1399 345 1466 et
357 1389 549 1488 secunlum
579 1384 688 1487 legem
717 1383 813 1466 debet
841 1393 946 1468 mori.

145 1550 276 1632 Adhuc
301 1550 410 1630 haeret
436 1550 590 1638 Pilatus,
618 1565 654 1629 et
679 1551 793 1650 nangis
814 1550 948 1631 timuit.
1007 1546 1051 1631 Et
1076 1556 1125 1630 ita

85 1664 222 1766 gressus
255 1658 298 1752 esi
317 1670 527 1760 pretorium
557 1668 711 1750 iterum,
742 1676 776 1741 et
799 1665 895 1741 dixit
922 1660 971 1743 ad
996 1661 1126 1763 Iesum:

94 1773 193 1853 Unde
221 1780 356 1851 estu?
388 1775 481 1871 lesus
508 1787 625 1853 nutem
656 1773 856 1875 responsum
880 1798 951 1855 non
980 1778 1126 1861 deditii.

89 1887 143 1967 Ac
167 1884 193 1962 si
221 1884 363 1962 silentio
391 1888 456 1966 suo
479 1891 788 1990 incompetentem
806 1890 963 1983 iudicem
986 1887 1126 1992 perhora

90 2001 270 2092 resteret3
297 1997 430 2076 Pilatus
455 2021 567 2086 vero,
599 2008 661 2102 qui
689 2018 791 2082 antea
814 2003 1008 2082 mirabatur
1030 2003 1126 2081 vele·

89 2131 252 2198 menter,
284 2113 384 2210 quod
411 2109 573 2191 Christus
601 2112 645 2189 ad
668 2114 908 2193 accusationes
928 2108 1126 2199 ludaeorum

90 2247 168 2302 non
193 2224 455 2321 responderet,
486 2223 597 2310 mihi,
626 2227 699 2312 ait,
738 2247 809 2301 non
838 2225 1027 2324 loqueris?
1059 2223 1126 2306 Ne·

80 2336 174 2434 scis,
206 2338 289 2432 quio
308 2331 507 2432 poteslntem
536 2333 643 2413 habeo
672 2333 873 2435 crucffigere
891 2353 957 2427 te,
988 2352 1023 2417 et
1036 2352 1126 2439 pstea

89 2444 209 2539 liutem
226 2446 335 2525 haheo
358 2446 537 2525 dimittere
562 2460 608 2555 te..
666 2449 761 2544 Quae
787 2476 877 2528 vero
900 2451 949 2530 est
973 2453 1048 2547 haec
1063 2476 1126 2555 po·

87 2563 210 2650 tellas,
242 2558 307 2638 nili
335 2559 423 2647 illa,
456 2561 501 2638 de
525 2586 594 2661 qua
622 2561 786 2640 Christus
815 2583 901 2641 cum
927 2575 1125 2665 caperetur:

86 2673 172 2752 Haec
188 2670 261 2761 esi,
292 2675 362 2761 ait,
398 2672 489 2750 hora
507 2671 641 2760 oestro,
671 2686 704 2750 et
719 2673 865 2772 poteslas
883 2675 1126 2772 tenebrarum

86 2809 156 2887 qua
191 2775 386 2887 deinceps,
432 2804 472 2864 ut
496 2786 555 2864 hic
587 2785 720 2865 Pilatus
758 2804 884 2868 contra
921 2787 1124 2874 Christum,

85 2896 184 2976 abusi
213 2898 295 2981 sunt
331 2913 498 2998 potentes
542 2897 648 2977 huius
686 2898 800 2978 saeculi
837 2916 964 2978 contra
1000 2910 1126 3003 corpus

87 3010 222 3090 Christi
248 3008 437 3087 Ecclesiam
457 3014 493 3086 in
516 3012 584 3087 suis
600 3011 790 3099 membris,
822 3009 890 3091 illis
915 3016 1124 3114 praesertims

85 3125 217 3222 quibus
243 3123 438 3221 regendam
465 3125 544 3221 poll
573 3123 606 3199 se
631 3120 817 3201 Ecclesiam
846 3151 962 3229 usque
981 3130 1026 3207 ad
1042 3149 1124 3208 cona

85 3233 363 3313 summationem
383 3235 497 3313 saeculi
518 3231 698 3313 commisit
728 3234 915 3327 Christus,
948 3255 988 3318 ut
1015 3241 1048 3318 se
1064 3238 1122 3316 suo

84 3346 282 3448 exemplo,
327 3346 353 3423 si
391 3348 539 3449 quando
569 3350 692 3450 iniqua
718 3349 907 3434 inferretur
933 3352 1118 3431 violentias

82 3457 311 3546 solarentur,
343 3464 622 3561 erigerentque,
662 3464 811 3562 perinde
834 3466 868 3539 in
894 3460 989 3552 illis,
1030 3463 1119 3542 acio

84 3569 147 3658 se,
178 3571 323 3651 Christo
351 3571 386 3647 iil
409 3576 662 3672 permittente,
694 3597 768 3650 nori
787 3571 986 3673 legitimam
1014 3594 1117 3677 agneo

84 3684 204 3762 scente
229 3685 465 3785 potestatem:
501 3704 610 3784 prout
635 3687 868 3786 intelligenda
896 3688 977 3766 sunt
1000 3669 1126 3768 cnsili?

81 3799 218 3877 verba:
263 3793 351 3874 Non
386 3791 528 3873 haberes
557 3794 760 3895 potestatem
785 3800 825 3876 in
848 3821 931 3891 ms,
974 3799 1039 3893 nist
1058 3776 1115 3874 all

1014 3911 1071 3994 da·

120 4014 154 4144 a)
176 4065 218 4131 lo.
242 4061 330 4133 XlX.
395 4066 429 4146 b)
451 4062 533 4133 loan.
557 4011 645 4131 XIX.
670 4072 699 4134 6.
744 4088 773 4135 r.
799 4081 827 4143 8.
852 4064 910 4140 &el
