2400 4478
265 245 417 327 regnum
447 218 576 319 Christi
603 225 643 303 iu
669 224 790 304 terris.
818 248 849 306 c.
878 218 948 308 17.
1101 240 1135 329 7

86 372 285 489 incipiens,
316 388 468 469 eumad
493 389 755 489 peremtorium
781 388 851 466 ium
878 389 1135 476 imminentem

87 525 220 578 annum
240 501 306 580 suo
332 516 513 602 computo
536 501 791 600 stringeretur,
814 524 913 580 anno
932 517 1049 596 1735.
1073 506 1131 581 in-

85 615 208 691 ducias
242 614 363 714 pactus
387 614 447 690 est.
521 609 579 690 Ex
607 627 787 713 computo
816 610 869 691 lo.
896 611 1063 693 Schilteri
1085 614 1130 694 de

80 721 167 824 furtis
180 723 410 817 Ecclefinrum
424 739 491 822 per
513 722 680 802 loannem
695 725 870 804 diuinitus
883 724 1131 804 revelatorum

87 845 118 929 §.
146 857 211 927 32.
239 838 334 939 seqq.
365 835 528 918 Danielis
553 839 660 913 etiam
687 837 924 941 hebdomadis
950 841 989 916 in
1019 837 1128 920 subu.

86 949 182 1026 dium
219 951 381 1040 vocatis,
409 946 710 1039 consummatio,
735 972 857 1050 ‘quam
887 949 1126 1051 posteriorem

86 1061 232 1148 statuit,
277 1063 370 1141 circa
402 1085 537 1139 anuum
570 1073 685 1154 1756.
715 1055 878 1139 facienda
906 1059 1033 1144 fuisset.
1064 1063 1126 1146 Sic

84 1174 152 1251 ah'ae
171 1197 325 1275 quoque
349 1173 504 1253 aliorum
523 1172 674 1275 epochae
688 1177 936 1274 praeterierunt
951 1190 1127 1276 vergente

84 1287 147 1362 iam
174 1286 221 1363 ad
243 1285 351 1364 linem
373 1285 446 1364 hoc
472 1284 618 1364 seculo:
649 1285 801 1386 perinde·
818 1287 937 1364 etiam·
962 1282 1001 1375 u)
1030 1312 1123 1370 ano.

85 1401 180 1499 nymi
208 1397 308 1477 illius
345 1414 563 1499 computus,
610 1396 853 1499 quiquidem
892 1397 1122 1479 consumma·

84 1514 219 1586 tionem
249 1509 355 1588 seculi
383 1510 716 1598 adannum1830.
745 1507 885 1602 ue134.
917 1525 1120 1610 prorogat,

83 1618 241 1701 Romani
270 1624 411 1722 imperii
442 1620 679 1700 nihilomiuus
722 1617 826 1698 fatale
856 1638 1002 1724 tempus
1025 1625 1123 1713 intra

80 1758 194 1812 annos
226 1756 344 1828 1770.
381 1735 419 1811 &
450 1754 514 1827 74.
548 1731 637 1810 fixit.
703 1729 922 1812 Chimonius
945 1757 1034 1815 vero
1058 1759 1117 1817 an.
1176 1792 1180 1797 -

84 1867 199 1940 1777.
223 1849 384 1947 tempori
397 1897 408 1933 ,
421 1847 648 1948 poenitentiae
671 1842 842 1945 spirituali
863 1841 1040 1949 Babyloni
1056 1847 1119 1931 seu

79 1958 417 2059 mysticaelezabelae
439 1954 640 2048 concesso,
669 1955 778 2036 finem
809 1962 924 2059 ponit.
953 1954 1120 2062 Bengelii

79 2070 224 2172 systema
257 2070 587 2173 Apocalypticum,
630 2092 706 2170 quo
734 2073 805 2148 iam
835 2068 1118 2153 Protellantium

79 2183 239 2284 plerique
257 2178 397 2283 ipsimet
425 2186 617 2271 mirantur,
648 2179 802 2282 potuille
833 2182 1031 2262 dementari
1047 2183 1118 2266 ho.

79 2298 191 2373 mines
212 2296 390 2373 emuniiae
419 2297 539 2383 natis,
570 2293 621 2371 nil
652 2316 864 2372 moramur:
904 2295 1056 2396 perinde
1073 2320 1118 2380 ac

77 2409 255 2506 pallorem
298 2409 403 2486 illum
437 2408 598 2485 ticinum
626 2405 918 2497 beneficiarium,
955 2411 1017 2508 qni
1054 2434 1116 2490 an.

79 2535 195 2612 1769.
227 2520 329 2597 edito
354 2518 603 2597 schediasmate
625 2518 730 2595 uobis
755 2517 853 2595 diem
871 2517 971 2596 dixit.
995 2517 1115 2598 Maio-

76 2655 127 2708 res
159 2632 271 2709 nobis
305 2631 464 2710 inducias
493 2634 700 2730 nuperrime
723 2626 770 2708 G.
792 2626 925 2708 Mallus
955 2631 1114 2724 tribuit.

75 2744 114 2819 ab
139 2768 243 2820 anno
291 2755 407 2836 ¹783·
434 2758 506 2821 tres
537 2743 656 2820 adhuc
688 2743 842 2819 omnino
859 2743 1114 2840 generationes

74 2855 259 2946 statuens,
307 2879 467 2958 quorum
493 2854 640 2958 lingulae
676 2876 858 2934 annorum
889 2852 1115 2958 septuaginta

74 2964 147 3046 fint.
695 2990 698 2995 ·
838 3002 841 3008 ·

122 3130 243 3210 Cuius
262 3125 315 3208 sui
339 3124 503 3233 computi
529 3126 705 3232 epocham
732 3127 759 3206 li
782 3127 868 3209 loeo
894 3127 960 3210 suo
979 3133 1113 3214 consti.

75 3243 184 3321 nisset
199 3301 211 3331 ,
229 3242 277 3319 ad
297 3257 439 3341 tempus
454 3248 625 3321 nimirum
644 3242 854 3344 conscriptae
881 3267 901 3320 a
917 3243 952 3321 8.
975 3242 1114 3336 Ioanne

73 3353 400 3458 Apocalypfis(qui
413 3369 493 3456 quae
514 3355 703 3456 praedixit,
731 3352 807 3432 fieri
819 3367 990 3456 oportere
1005 3362 1082 3435 cito
1095 3415 1114 3453 .

73 3471 200 3556 edixit,
229 3467 345 3568 idque
363 3491 438 3543 non
456 3467 563 3544 semel
597 3463 752 3567 repetit)
780 3465 896 3568 palam
926 3467 1115 3556 invenisset

70 3584 142 3678 poll
176 3597 253 3660 tres
292 3583 547 3677 generationes
579 3577 755 3658 eiusmodi
794 3603 815 3656 a
843 3577 990 3658 Christo
1020 3583 1115 3660 ado·

68 3691 216 3772 lescente
238 3690 376 3770 Seculo
405 3690 468 3768 lV.
502 3693 590 3771 llatu
616 3693 682 3769 suo
700 3688 816 3791 presso
839 3691 1027 3771 eluslatam
1041 3689 1113 3772 Eo·

67 3803 195 3885 cleliam
215 3802 435 3882 militantem
457 3814 612 3906 regnum
633 3802 767 3883 Christi
784 3807 824 3881 in
848 3808 976 3883 terrie:
1006 3802 1119 3912 quod*

97 3935 139 4018 a)
161 3928 247 3998 lbid.
269 3945 304 4008 p.
323 3943 392 4012 137,

381 4078 384 4086 ·
572 4018 666 4134 Aa
979 4041 1055 4127 nn
