2438 4470
29 278 31 283 ,
157 208 242 283 352
374 182 394 191 ”
520 183 661 280 Eutaia
689 159 848 268 militant

152 357 332 447 minatur}
358 364 465 453 atque
486 353 565 452 post
585 340 737 428 mor'tena
763 351 944 430 Mathildis
960 355 1067 434 bona
1088 361 1184 439 invoa

151 469 226 553 dit,
256 488 335 566 quae
359 465 413 540 ilia
437 469 472 538 in
501 467 756 561 patrimonium
774 463 828 543 D.
852 463 944 540 Petri
975 468 1183 567 legaverata

150 604 192 655 ac
212 580 293 654 licet
314 581 382 652 iam
402 575 594 652 a-Paschali
614 594 829 660 coronatus,
859 600 878 651 a
900 576 1077 656 Mauritio
1098 583 1185 662 Bur-a

152 693 241 765 dino
281 690 445 785 antipapa
493 689 613 786 postea
651 691 779 764 iterum
824 694 994 764 coronari
1041 697 1181 786 voluit,

150 824 258 900 quem
279 814 416 886 tamen,
448 798 634 874 Saxonum
656 799 849 900 rebellione
869 801 1092 909 impeditus,
1126 835 1183 910 pat

151 915 177 988 ti
205 911 329 988 debuit
352 912 388 985 in
419 911 670 987 monasterium
701 911 852 987 detrudi.

128 1159 131 1169 .
236 1095 331 1182 inter
350 1125 416 1193 ea,
446 1129 525 1204 quae
543 1097 725 1183 Casixtum
742 1103 787 1181 ΙΙ.
814 1103 850 1181 P.
869 1109 961 1181 inter
976 1123 1023 1188 ,et
1048 1110 1178 1190 Henri

150 1234 234 1294 'cum
254 1217 300 1294 V.
331 1217 411 1293 suut
428 1219 523 1303 aba,
551 1215 739 1315 eleiiiones
767 1217 955 1315 praesoluna
982 1219 1179 1304 Teutonici

94 1314 96 1321 Α
148 1332 252 1427 regui
276 1333 311 1404 in
337 1328 513 1428 praesentia
531 1329 660 1405 caesaris
696 1328 769 1402 fieri
797 1326 920 1426 posse,
951 1355 1177 1414 conventum

58 1491 62 1512 .
147 1443 220 1525 est,
251 1439 391 1517 exclusa
418 1465 506 1538 ergo
530 1440 640 1533 italia5
670 1455 777 1538 atque
803 1441 892 1515 adeo
918 1442 1043 1518 eletiio
1066 1446 1176 1527 Rom.

148 1538 185 1630 P.
208 1551 314 1628 libera
336 1553 385 1628 esi
415 1553 561 1628 reddita.
620 1551 811 1628 Lotharius
840 1557 1020 1630 tamenin
1051 1557 1178 1638 locum

148 1649 294 1743 Henrici
313 1665 463 1748 elesius,
485 1688 569 1741 cuna
598 1662 677 1761 post
688 1658 845 1740 Honorii
865 1683 1024 1745 mortem
1046 1667 1178 1748 Roma.-

147 1800 280 1851 norum
302 1776 453 1851 sasiione
475 1774 689 1853 innocentio
709 1772 749 1851 is.
780 1800 836 1851 an.
866 1797 981 1864 ¹¹30·
1015 1781 1173 1877 legitime
1209 1798 1211 1859 ;

145 1885 259 1988 eleiio
286 1884 414 1964 vPetrus
441 1883 583 1979 Leonis
604 1904 868 1993 opponeretur,
916 1888 1171 1972 innocentium

144 1986 475 2075 Romaeuubuaan
504 2015 558 2074 an.
597 2014 667 2083 113
678 2017 710 2084 3.
741 2000 784 2072 ab
818 1991 946 2074 eodem
974 2023 1170 2083 coronatur

143 2134 242 2184 anno
263 2110 443 2208 sequenti,
468 2111 661 2206 pateinter
682 2107 893 2185 Lothariurn
918 2165 927 2192 ‚
969 2130 1005 2189 et
1034 2116 1169 2195 Conra.¹

143 2223 231 2298 duna
260 2221 426 2319 iiliusan.
454 2238 567 2310 1139.
601 2219 830 2297 successorem
852 2225 1046 2303 conciliata
1068 2250 1168 2328 opera

141 2331 358 2410 S.Bernardi
387 2333 569 2409 Clarevail.
597 2333 759 2418 abbatis,
803 2337 903 2408 cuius
932 2341 1086 2416 monitis
1117 2367 1168 2439 pa÷

142 2469 225 2519 rens
244 2444 453 2527 Conradus,
475 2446 786 2545 mitigatoriatque
802 2447 844 2521 ad
865 2445 1002 2525 saniora
1026 2452 1166 2529 confilia

141 2557 336 2640 audatius,
370 2555 458 2630 nihil
484 2576 608 2637 contra
635 2553 834 2632 Romanam
867 2556 981 2631 seriem
1021 2577 1168 2640 attenta·-

59 2730 62 2734 .
141 2673 210 2745 vit:
241 2724 262 2760 ,‚
280 2666 367 2765 Legi
383 2672 498 2761 (inter
514 2668 576 2743 alia
590 2668 633 2742 ad
652 2692 733 2742 eum
754 2669 870 2743 scribit
888 2666 925 2753 n)
947 2667 980 2743 8.
997 2672 1166 2762 Abbas,)
1188 2730 1190 2735 .

138 2827 160 2872 ‚‚
192 2778 324 2858 Omnis
349 2780 464 2853 anima
492 2779 754 2854 sublimioribus
787 2780 1021 2877 potestatibus
1054 2786 1165 2861 subdi-

19 2906 22 2915 ’
50 2938 54 2943 -
137 2939 160 2983 „
190 2908 223 2966 ta
243 2889 309 2974 sat,
338 2907 374 2966 et
399 2894 459 2989 qui
483 2892 645 2989 potestati
668 2889 814 2976 resistit,
847 2890 917 2967 Dei
942 2895 1164 2976 ordinationi

136 3059 158 3095 ,‚
187 2999 333 3092 refistit3
364 3026 471 3101 quarn
498 3008 621 3078 tamen
644 3002 850 3078 sententiam
879 3007 994 3101 cupio
1014 3032 1102 3096 vos,
1133 3023 1164 3085 ei

132 3101 158 3206 '„
187 3114 409 3189 omnimodis
430 3136 587 3198 mone0‚
615 3116 793 3189 custodire
820 3119 855 3187 in
877 3115 1084 3194 exhibenda
1116 3147 1164 3197 re·-

82 3288 84 3292 .
135 3279 158 3317 ‚,
189 3229 345 3301 verentia
367 3225 511 3300 summae
540 3243 574 3300 et
593 3226 800 3323 apostolicae
822 3225 891 3301 sedi
906 3282 915 3310 ,
933 3244 986 3314 et
1008 3228 1044 3304 Β.
1070 3228 1165 3308 Petri

134 3387 156 3428 ,‚
183 3340 334 3420 vicario,
364 3331 450 3412 sicut
467 3337 579 3436 ipsum
601 3339 701 3412 vobis
720 3337 825 3413 vultis
843 3341 886 3413 ab
907 3341 1073 3417 universo
1095 3344 1166 3418 sera

134 3498 156 3540 ‚,
187 3450 258 3522 vari
275 3450 428 3543 imperio
443 3498 474 3538 ‚,.
530 3448 657 3524 Adon.
679 3465 794 3536 1139.
815 3453 959 3546 reponit
975 3444 1069 3528 hanc
1089 3461 1164 3553 epi-¹

135 3560 258 3635 stolam
284 3557 519 3646 Mabillonius
548 3556 597 3646 b).
619 3559 795 3636 Notabilis
810 3551 896 3636 reto
926 3561 976 3641 est
998 3567 1163 3643 eiusdem

131 3674 175 3746 ad
195 3669 402 3753 Honoriuua
425 3666 463 3745 si.
497 3669 533 3746 P.
559 3675 627 3745 iam
651 3695 747 3748 anno
778 3684 892 3757 1128-
937 3671 1069 3774 scripta
1098 3703 1163 3778 pro

132 3782 291 3859 Henrico
321 3779 516 3858 Senouenfi
552 3778 820 3884 archiepiscopo
847 3785 884 3860 in
926 3781 1162 3867 Ludovicum

980 3910 1112 4000 'regem

169 4048 203 4127 a)
223 4036 304 4130 episi.
334 4048 402 4132 183.
465 4041 498 4130 b)
520 4037 556 4113 s.
572 4040 594 4114 i.
618 4061 688 4130 opp.
710 4062 740 4130 p.
769 4056 837 4130 178.
