2400 4478
82 238 164 325 298
452 214 598 317 Ecclefin
625 215 788 299 militnm

81 384 312 491 repudiando
336 384 445 463 etiam
472 381 681 485 synodum,
712 404 793 483 quae
815 378 896 459 illic
929 386 1101 463 oecumed

82 528 124 581 ea
153 499 366 579 credebatur
383 500 422 573 in
444 492 559 575 caulla
585 498 814 593 imaginum,
863 498 1002 596 inqua
1028 504 1099 575 iutra

82 614 168 717 pide
189 628 226 690 et
244 612 449 690 constanter
464 610 742 707 imperatoribus
757 608 1028 695 iconoclastis,
1055 618 1098 711 qni

81 732 153 805 bus
184 744 307 803 tamen
335 721 468 801 Romae
502 721 622 798 adhuc
666 723 939 819 imperantibus
979 726 1093 801 obnoxi

82 852 209 926 erant,
252 835 323 913 lese
356 822 632 935 opposuerunt,
670 832 862 929 Gregorio
895 833 944 913 ll.
976 840 1016 912 in
1038 836 1091 935 epi

84 952 299 1049 dogmatica
323 944 444 1031 Leoni
475 944 632 1029 Isaurico
661 948 843 1022 maiorum
890 948 1085 1049 exemplai

82 1065 302 1141 memoriam
335 1076 554 1139 reuocante:
595 1060 857 1155 imperotores,
910 1066 975 1156 qui
1006 1062 1086 1159 pirir

87 1172 224 1265 Christe
251 1176 451 1257 aixerunt,
496 1168 712 1259 ecclefiarum
741 1168 972 1267 pontificibus
994 1172 1093 1249 obedit

82 1290 232 1365 minime
261 1284 492 1381 recesserunt,
540 1306 603 1359 uec
621 1304 677 1359 eos
697 1294 900 1362 vexarunt.
958 1286 1097 1365 Solemnr

83 1400 163 1481 hoc
186 1402 385 1477 etiamnum
412 1397 531 1477 leculo
556 1396 624 1474 luit
646 1400 682 1471 in
702 1392 891 1483 Oriente,
919 1412 956 1473 ut
971 1402 1103 1495 impera·

82 1530 186 1591 tores
206 1512 381 1590 thronum
400 1512 542 1609 adepti,
578 1506 843 1607 profeffionem
870 1506 945 1585 fidei
964 1507 1105 1587 Romam

84 1630 283 1705 mitterent.
307 1624 440 1723 Sicque
455 1621 494 1709 Ε.
511 1644 569 1709 m,
579 1646 609 1699 r.
629 1620 671 1709 C.
690 1622 727 1702 in
743 1635 767 1696 t.
788 1622 830 1697 in
849 1646 936 1702 arca
947 1620 1001 1701 lua
1014 1620 1104 1699 terte

170 1832 344 1915 Pietatem
366 1857 495 1933 regum
518 1832 763 1920 Francorum,
793 1854 916 1933 quam
940 1836 1007 1912 iam
1028 1833 1102 1910 tella

87 1966 161 2029 tam
191 1948 442 2033 reddidimus,
474 1948 511 2020 in
542 1942 761 2031 Eccleliam,
806 1946 986 2025 ordinem
1003 1946 1101 2025 hiem

84 2064 261 2148 chicum,
306 2056 515 2136 Romanum
544 2080 615 2157 prae
619 2058 736 2133 sertim
754 2056 1000 2157 pontificem,
1029 2061 1102 2135 edan

84 2172 239 2253 Bavariae
270 2170 410 2257 duces,
461 2172 523 2269 qui
562 2169 795 2251 Germaniam
833 2192 930 2248 cum
967 2172 1099 2253 Franris,

85 2285 294 2363 Alemannis
309 2296 346 2358 et
359 2282 562 2365 Saxonibus
573 2268 848 2379 partiebantur,
878 2283 984 2363 haud
1000 2282 1101 2385 pridrn

85 2398 130 2473 ad
157 2394 265 2473 fidem
289 2390 453 2471 conversi
482 2392 639 2471 emulari
661 2392 770 2481 lunt,
818 2394 1032 2475 millionem
1047 2394 1103 2470 illuc

83 2532 104 2585 a
126 2508 311 2607 Gregorio
327 2504 371 2583 ll
386 2504 556 2583 Romano
573 2503 745 2603 pontifice
763 2509 976 2607 accipiente
996 2510 1031 2589 3.
1043 2508 1101 2586 Cor·

83 2620 260 2707 bibiano,
290 2634 398 2719 atque
415 2642 505 2695 mox
525 2619 608 2715 poli
634 2617 985 2709 S.Corbinianum,
1017 2616 1098 2699 sla

83 2728 219 2813 nifa'cio
240 2730 444 2815 Germania
468 2730 658 2832 apostolo,
689 2729 863 2807 ordinato
887 2735 1041 2835 quidem
1057 2730 1100 2808 lio

84 2870 155 2925 mae
173 2846 218 2922 ab
237 2845 368 2921 eodem
390 2841 587 2943 pontifice,
618 2842 676 2918 sed
700 2840 790 2921 nulli
819 2842 897 2921 ledi
930 2844 1042 2923 affixo
1058 2842 1100 2943 epi

84 2958 226 3056 scopo,
257 2980 341 3033 cunr
377 2954 547 3041 facultate
581 2952 824 3043 constituendi
862 2959 1055 3060 episcopos
1078 2971 1100 3027 rr

84 3070 206 3147 sedem
244 3068 588 3173 metropoliticam,
652 3090 764 3168 quam
811 3066 992 3150 Coloniae
1032 3080 1097 3147 eutr

85 3180 259 3267 aretiam,
282 3178 519 3279 Moguntiam
549 3179 732 3257 transtulit
757 3180 980 3263 austeritate
996 3180 1126 3285 apulie
1121 3214 1126 3265 ι

84 3292 177 3381 lica,
219 3309 370 3391 accepto
397 3292 514 3392 pallio
534 3290 772 3391 apoutifice3
820 3294 1002 3403 idemque
1026 3295 1092 3373 criu
1120 3327 1126 3381 ι

85 3404 122 3483 3.
142 3403 346 3483 Bonifatius
366 3403 580 3481 Bavarinm
570 3428 607 3479 m
627 3418 784 3506 quatuor
802 3402 927 3489 divifit
950 3396 1125 3491 dioecele
1119 3440 1126 3490 ι

85 3516 222 3599 Extant
245 3538 364 3615 porro
375 3515 471 3597 adS
487 3516 715 3599 Bonifatium
732 3514 917 3615 Gregorii
939 3520 985 3599 ll.
1013 3534 1047 3599 et
1059 3506 1089 3592 ll
1122 3554 1127 3604 2

85 3655 157 3710 nec
178 3654 254 3707 non
269 3628 453 3707 Zachariae
475 3627 542 3707 PP.
565 3628 759 3709 decretales
786 3631 954 3729 epistolae
973 3633 1017 3710 ad
1034 3622 1090 3706 ord
1120 3663 1127 3715 1

55 3738 60 3749 ’
87 3744 205 3823 nebda
235 3745 369 3843 quaevis
398 3754 470 3818 tam
495 3742 589 3818 circa
609 3738 739 3827 fidem,
769 3763 880 3840 quam
907 3743 1090 3845 disciplinae
1121 3777 1127 3848 ι

86 3855 260 3939 Eccleliae.
320 3853 414 3933 Sunt
437 3854 514 3933 haec
538 3855 664 3931 omnia
684 3855 868 3931 anteriora
895 3854 1128 3940 decretalibu
1122 3860 1128 3912 l

88 3969 295 4051 llidorianis
326 3967 456 4048 fictitiis
484 3964 666 4091 usquead
692 3964 938 4049 Siriciuan.
970 3988 1069 4070 aquo
1125 4008 1128 4043 ι

1005 4084 1068 4163 ciue
