2400 4478
132 201 135 207 Δ
182 208 331 328 ragnum
351 225 479 320 curisti
498 230 671 308 interris.
689 251 717 310 c.
743 227 927 334 XXXIX·
994 251 1072 342 359

14 444 57 492 -‚‚
87 407 125 472 et
144 397 279 495 quieti,
311 414 420 494 quam
447 389 651 480 trattan'dis,
684 416 764 498 quae
783 391 871 471 foris
888 392 990 471 sunt:
1029 397 1073 473 ti.

33 565 57 604 ,‚
88 504 358 607 mendumque,
389 530 435 583 ne
454 528 530 582 uon
548 528 586 580 ea
602 506 838 591 auetoritate,
870 529 940 603 qua
960 529 1074 604 opor·

33 619 61 715 5,
88 623 218 705 tuerit,
251 619 301 696 sui
325 617 547 716 apostolatus
562 612 679 696 officia
698 616 921 716 exsequatur.
966 614 1071 712 Quid

38 789 63 826 „
81 732 222 831 ‘putatis
247 754 374 830 gerere
389 732 500 806 animi
528 752 624 808 nuuc
643 729 829 806 hominem
842 721 977 816 illum,
1009 733 1072 830 qui

40 901 65 939 „
95 845 136 921 de
172 843 310 919 secreto
339 844 487 917 internae
523 841 863 944 contemplationis,
898 856 933 917 et
961 845 1073 918 amica
1167 901 1169 906 ,

32 1014 70 1052 .„
99 954 288 1032 solitudine
311 954 451 1038 cordis,
482 969 651 1051 tanquam
679 953 796 1030 infans
821 979 840 1029 e
856 957 1001 1051 gremio
1035 970 1071 1031 et

37 1127 66 1165 „
96 1066 167 1144 inu
196 1069 318 1141 mattis
346 1065 461 1142 subito
497 1066 749 1164 perturbatus,
789 1065 940 1143 nauum
967 1067 999 1142 se
1026 1067 1077 1161 aad,

39 1238 67 1277 ‚‚
95 1178 410 1264 medium·=videt,
461 1194 497 1252 et
536 1175 634 1277 quafi
667 1185 773 1253 ovem
808 1178 852 1252 aad
893 1179 1071 1253 victimam

42 1349 68 1388 „
91 1291 238 1369 duiium
262 1289 311 1364 'ad
344 1303 416 1365 tam
448 1290 583 1366 insueta
605 1302 641 1364 et
663 1287 842 1366 insuavia?-
887 1288 962 1366 Nili
991 1287 1072 1366 Do-

41 1461 68 1500 „
93 1406 212 1480 minus
227 1400 406 1500 supponat
423 1425 571 1483 manum
592 1399 713 1485 suam,
734 1398 829 1476 heu!
849 1396 984 1476 neeeffe
998 1403 1069 1488 est,

39 1573 66 1611 „
89 1517 282 1598 obruatur,
303 1528 338 1589 et
357 1515 587 1612 opprimatur.
601 1535 712 1594 onere
734 1511 873 1590 insueto
890 1530 925 1589 et
943 1518 1069 1602 nimiu,

38 1685 70 1725 „¹
88 1627 191 1730 quod
216 1642 252 1701 et
273 1626 470 1723 gigantinis
499 1628 518 1720 (’
534 1641 572 1701 ut
588 1622 714 1720 aiunt)
743 1626 799 1703 vei
819 1625 900 1726 ipsas
920 1649 1070 1727 quoque

40 1796 67 1835 „
92 1730 260 1838 angelicis
285 1738 442 1814 humeris
470 1735 697 1826 formidabile
720 1739 890 1816 videatur.
909 1795 931 1832 „
961 1736 1072 1818 Erant

30 1866 128 1930 ¹tunc
152 1865 316 1950 tempora
339 1847 517 1925 durissima
545 1847 632 1924 sedis
653 1850 872 1948 apostolicae,
902 1854 953 1927 ob
982 1877 1072 1928 eon·

39 1968 138 2041 tima
157 1963 231 2040 fere
260 1961 498 2037 sacerdotium
526 1964 619 2038 inter
640 1978 675 2037 et
700 1966 892 2062 imperium
915 1961 1068 2050 diffidit,

42 2099 126 2176 quae
145 2075 290 2176 quidem
305 2097 383 2149 non
400 2075 448 2149 est
467 2089 635 2172 expertus
655 2072 856 2173 Eugenium
878 2093 1071 2178 antequam
1104 2083 1108 2101 '
1170 2074 1172 2077 ’

43 2187 242 2270 Fridericus
262 2191 298 2260 in
318 2185 454 2262 ltaliam
482 2201 670 2270 moveret,
708 2188 788 2286 post
811 2210 948 2289 paucos
980 2211 1073 2286 pon·

10 2298 191 2378 stificatus
215 2321 329 2374 annos
352 2297 540 2374 defuniius
562 2314 704 2386 morte,
736 2323 843 2400 quam
861 2299 909 2375 ilii
936 2299 970 2375 S.
988 2299 1072 2378 Ber·

40 2411 172 2490 nardus
198 2433 286 2487 mox
305 2411 347 2519 ¹iu
376 2410 522 2506 epistula
544 2408 582 2496 a)
599 2410 643 2485 ad
659 2435 749 2488 eum
775 2419 854 2487 data
871 2414 959 2487 vivis
979 2412 1070 2488 adeo

40 2523 224 2627 colotihus
242 2537 277 2599 et
292 2521 460 2623 exemplo
477 2519 737 2599 antecefforum
755 2525 902 2601 suorum
920 2526 970 2599 ob
983 2548 1071 2600 ocu-

41 2636 102 2713 los
122 2637 248 2735 punit,
271 2633 317 2711 fic
336 2659 413 2710 eam
434 2635 678 2712 concludens:
706 2693 727 2728 ‚‚
747 2633 873 2714 Ovox
897 2639 1071 2721 tonitrui,

42 2805 68 2844 „
98 2771 123 2823 o
143 2770 211 2824 vax
230 2745 527 2844 magnificentia,
557 2763 593 2822 et
619 2750 782 2851 uirtutis:¹
813 2749 857 2824 ad
885 2752 984 2823 euius
1004 2763 1074 2823 tet-

43 2914 69 2956 „
99 2882 215 2936 rotem
232 2858 521 2943 confundantur,
554 2875 589 2934 et
604 2879 861 2938 convertantur
878 2859 1072 2943 retrorsum

39 3029 69 3069 ⁴„
87 2960 247 3057 omnes,
288 2975 352 3075 qui
374 2971 533 3047 oderunt
557 2970 655 3049 Sion.
725 2970 809 3049 Hoc
842 2973 1073 3047 vehementer

44 3141 69 3180 ,‚
99 3083 306 3182 exspumat„
338 3099 373 3159 et
398 3085 555 3160 omnino
590 3088 728 3183 expetit
756 3099 829 3160 ate
853 3100 968 3179 mater¹
989 3098 1070 3159 tua:

45 3252 70 3291 ‚,
98 3196 174 3275 hoc
194 3194 254 3272 iiiii
277 3198 398 3272 matris
424 3211 516 3281 tuae,
547 3195 661 3294 pofiili
683 3220 769 3274 cnm
792 3199 987 3273 maioribus
1013 3194 1075 3270 de-

42 3364 68 3404 „
100 3304 274 3396 siderant,
316 3307 389 3385 hoc
415 3306 609 3405 suspirant:
654 3324 695 3384 ut
723 3312 842 3385 omnis
868 3309 1073 3408 plantatio,

46 3425 71 3514 „'
99 3443 205 3519 quam
220 3444 296 3497 non
317 3419 488 3522 plantavit
504 3418 605 3497 Patet
626 3419 791 3506 celestis,
823 3425 893 3499 tuis
912 3420 1074 3495 manibus

47 3586 72 3626 ‚,
100 3532 303 3610 eradicetur.
361 3532 418 3622 nd
440 3531 513 3608 hoc
543 3536 640 3607 enim
676 3535 890 3611 constitutus
916 3555 952 3606 es
971 3531 1073 3628 iiapet

16 3727 19 3730 .
49 3698 74 3738 „
102 3656 226 3741 gentes
239 3659 275 3722 et
293 3668 425 3746 regna,
456 3660 496 3722 ut
513 3644 659 3732 evellas,
689 3658 725 3722 et
744 3647 917 3722 destruas:
940 3658 977 3718 et
993 3641 1077 3718 aedi-
1147 3657 1150 3661 ’

50 3811 74 3849 „
104 3753 208 3840 fices,
237 3756 433 3867 etplanpes.
495 3755 604 3833 Multi
633 3759 758 3836 audito
783 3759 854 3832 hoc
881 3756 991 3830 verbo
1024 3755 1077 3828 di-

50 3923 75 3962 „
103 3869 350 3975 xeruntssapud
373 3862 443 3949 set
474 3872 546 3948 iam
567 3868 756 3948 securitati
784 3870 935 3945 radicem
965 3863 1076 3967 posita

517 3979 635 4074 Z4¹
689 3991 691 3996 ’
910 4035 932 4074 ,,
962 3980 1020 4055 est.

101 4101 136 4175 a)
157 4094 210 4178 Ep.
233 4109 294 4164 aaa.
317 4117 346 4176 p,
365 4116 459 4181 235···
