2400 4478
80 242 168 316 232,
222 276 226 287 =
444 210 588 306 Ecclesia
615 211 776 290 militans

86 385 171 465 dem
194 381 318 463 fodant
346 375 603 455 Valentiniano
633 377 814 474 legatione
842 369 940 449 missa
960 374 998 448 io
1028 369 1114 450 Gar.

87 496 195 580 liam,
238 496 374 592 pergit:
419 491 530 581 „Sed
563 488 841 569 ubi-clementia
879 505 948 561 tua.
977 488 1115 585 imperii

87 664 112 703 „
141 607 289 705 suscepit
315 602 576 699 gubernacula,
616 614 844 698 compertum
864 599 954 682 est,
1000 599 1114 695 postea
1149 620 1151 633 ¹

89 774 113 814 „
142 718 286 796 donata,
315 713 369 787 illa
413 709 498 788 esse.¹
511 712 791 812 praecellentibus
831 712 865 784 iu
911 708 1128 805 republica,

88 884 112 924 „
144 827 203 902 sed
229 824 372 923 gentilis
392 823 621 901 observantiae
650 827 755 899 uitis:
786 835 823 896 et
853 817 1004 896 sortasse
1025 821 1112 896 dica·

89 994 112 1035 „
144 956 227 1030 tur;
274 940 467 1034 imperator
488 937 668 1034 Auguste,
700 937 782 1033 quie
818 931 890 1029 ipse
921 955 1001 1007 non
1017 947 1117 1007 teme·
1149 994 1151 1001 .

89 1106 113 1147 „
144 1050 208 1148 plis
243 1047 457 1133 reddideris,
503 1043 563 1123 sed
590 1036 680 1122 bene
710 1046 843 1120 meritis
883 1044 927 1118 de
951 1061 987 1119 te
1009 1043 1109 1119 dona·

88 1218 113 1256 ,,
145 1164 244 1237 veris.
304 1157 443 1235 Verum
460 1160 571 1242 nosti,
604 1181 670 1256 pro
699 1155 919 1232 Dei'rimore
934 1155 1110 1253 agendum

90 1330 115 1368 „
144 1270 210 1349 esse
237 1272 461 1357 constanter,
507 1270 733 1370 quodetiam
760 1290 830 1365 pro
863 1264 1028 1343 libertate
1051 1267 1109 1341 sre-
1149 1325 1151 1356 ,

91 1441 115 1480 ,,
145 1399 296 1486 quenter
321 1381 361 1459 fit
386 1406 461 1459 non
479 1381 627 1459 soluma
651 1380 912 1462 sacerdotibus,
946 1379 1111 1457 sedetiam

93 1552 117 1591 ,‚
147 1499 189 1573 ab
217 1496 288 1580 bis,
319 1497 381 1593 qui
406 1496 510 1570 vobis
532 1494 707 1576 militant,
741 1506 801 1566 aut
826 1493 860 1563 in
881 1503 1036 1567 numero
1057 1489 1109 1565 ha·

92 1666 116 1703 „
147 1611 278 1683 beotur
297 1606 585 1705 provincialium.
644 1603 698 1680 Te
721 1606 920 1699 imperante
944 1606 1111 1702 petierunt

92 1775 117 1813 „
147 1721 276 1815 legati,
309 1731 349 1797 ut
366 1716 506 1814 templis
523 1716 704 1800 redderes,
737 1713 960 1792 nonsecistit
992 1716 1108 1789 iterum

93 1886 117 1924 „
146 1830 245 1911 alteri
260 1827 546 1926 postulaverunt,
580 1829 709 1903 renisus
726 1849 784 1916 es;
816 1840 852 1903 et
882 1826 1006 1920 postea
1020 1823 1109 1923 ipsrs,

92 1997 116 2037 ,,
146 1945 206 2039 qui
231 1943 429 2036 petierunt,
460 1937 831 2037 donandumputasti.
880 1934 954 2013 Etsi
976 1939 1110 2037 impeta·

93 2108 117 2146 „
148 2055 245 2137 toria
262 2050 415 2148 poteras
436 2072 564 2147 magna
587 2051 655 2135 est,
686 2065 804 2125 tamen
826 2046 1035 2135 considera,
1059 2050 1113 2123 in-

93 2220 117 2259 „
147 2162 314 2262 perator,
347 2178 499 2259 quantus
519 2159 559 2237 srt
576 2160 699 2239 Deus?
730 2163 798 2236 &u
839 2212 861 2252 „
883 2157 1062 2237 Excusant
1087 2158 1112 2234 sc

96 2276 243 2374 posteo,
286 2274 387 2372 quod
426 2273 588 2348 scribenti
623 2277 658 2346 in
684 2272 892 2370 primordiis
911 2273 1056 2370 imperii
1071 2271 1111 2345 sui

98 2405 175 2463 non
208 2382 440 2481 rescripserit,
457 2387 631 2463 tationem
652 2381 689 2469 o)
706 2381 848 2481 pandit:
880 2439 903 2473 „
916 2381 1022 2476 Quia
1038 2380 1113 2458 istud

39 2587 48 2599 ⁸
93 2553 118 2591 „
149 2497 381 2597 praevidebam
399 2495 571 2572 sutorum.
614 2493 800 2593 Denique
815 2495 1020 2592 reposcenti
1032 2495 1112 2570 litte-

94 2665 117 2707 ,‚
148 2634 222 2694 ras,
251 2631 336 2686 cunr
354 2607 425 2706 ipse
443 2632 517 2683 non
539 2606 790 2689 rescriberem,
823 2607 920 2682 dixi:
955 2608 1031 2684 haec
1047 2630 1115 2682 cau-

96 2777 119 2814 „
149 2720 262 2806 saest,
294 2719 710 2819 quod-extorquendum
732 2721 762 2793 ei
784 2719 952 2794 arbitror,
986 2718 1112 2796 Tamen

94 2887 117 2926 „
148 2834 207 2908 ubi
228 2832 325 2910 causa
354 2828 492 2907 emetsrt
513 2827 624 2907 officii
655 2833 743 2914 mei,
773 2853 840 2925 pro
871 2830 945 2915 his,
979 2832 1040 2931 qui
1059 2828 1114 2907 sol·

93 2998 117 3036 ‚‚
146 2942 368 3021 licitudinem
394 2941 443 3018 sui
472 2945 672 3040 gerebant,
704 2958 739 3016 et
759 2938 876 3037 scripsi
908 2958 946 3018 et
978 2943 1112 3039 rogavi,

94 3108 117 3149 „
149 3070 188 3128 ut
215 3053 438 3129 ostenderem
458 3059 495 3129 in
528 3051 637 3131 caufis
671 3051 740 3129 Dei
764 3054 934 3130 timorem
958 3054 1049 3131 mibi
1070 3056 1114 3127 iu·

91 3220 115 3256 „
145 3165 237 3240 stum
260 3162 351 3250 esse,
374 3190 441 3242 nec
461 3165 571 3264 pluris
589 3165 703 3243 facere
720 3164 990 3255 adulationem,
1020 3181 1115 3266 quam

93 3299 301 3374 ,animant
333 3301 458 3355 meam.
479 3333 501 3368 „

108 3439 123 3526 J
180 3434 346 3512 Refertur
367 3436 442 3514 haec
463 3436 607 3535 epistola
627 3436 669 3512 ad
689 3461 739 3512 an.
772 3438 1040 3541 393.1quando
1061 3438 1115 3510 ian

94 3546 234 3626 senatus
260 3548 372 3623 'etiam
408 3548 564 3624 Romani
595 3549 760 3624 consulto
791 3536 1017 3649 senatosibus
1052 3548 1117 3648 qui·

89 3660 171 3737 dent
192 3683 264 3734 non
284 3661 404 3759 paucis
422 3661 637 3758 gentilibus,
675 3660 731 3739 sed
749 3658 957 3758 Symmachi
978 3663 1054 3740 sato
1068 3662 1117 3734 aia

93 3773 260 3862 stertitis,
302 3771 420 3854 cultus
447 3772 618 3875 profanus
645 3771 713 3853 suit
733 3769 957 3879 proscriptus
982 3797 1023 3852 ac
1052 3770 1117 3871 psu-

341 3919 350 3930 ⁴·
927 3933 933 3941 ·
1020 3909 1073 3966 res

25 4070 28 4076 ·
131 4057 165 4131 a)
187 4073 216 4116 n.
238 4037 294 4119 rt.
320 4073 347 4132 p.
376 4071 466 4117 1012.
525 4071 527 4074 ⁴
