2400 4478
88 235 169 314 'soa
451 211 593 310 Ecclello
616 213 776 295 militans

83 403 167 459 cum
187 368 370 480 pr‘aefedlo.
402 376 530 484 deinde
550 403 633 457 cum
657 378 732 477 ipio
752 376 934 464 Valente,
962 380 1107 457 utrum·

85 515 157 592 que
185 495 290 578 vicit,
320 512 361 564 ac
388 491 503 566 divina
533 496 637 567 etiam
667 493 798 566 virtute
826 488 887 570 libi
906 488 1106 568 deeinllor

86 603 267 687 reddidit,
299 619 338 681 ut
356 601 487 680 ibidem
514 600 613 678 solita
643 601 850 701 eloquentia·
876 600 1103 700 prosequitur

87 712 289 810 Gregorius
317 709 580 790 Nazianzenus.
640 710 840 810 Gregorius
871 736 958 787 vero
992 710 1103 790 Nrffe.

82 847 154 907 nus
185 822 271 899 dum
292 825 481 912 immensa,
510 825 638 922 quibus
671 845 798 900 omnes
830 819 991 904 ecclesias
1020 823 1101 900 affli-

84 939 140 1012 xit
164 933 358 1032 persecutio
383 933 468 1020 illa,
499 931 690 1010 enarrallet'
710 934 825 1020 mala,
856 933 1103 1013 enumeraffct-

83 1068 157 1149 que
180 1046 377 1144 provincias
404 1046 502 1122 orbis
528 1045 706 1121 christiani
725 1042 763 1134 a)
792 1045 931 1121 subdit:
967 1103 991 1141 „
1012 1046 1102 1140 Quae

84 1211 108 1252 ,‚
138 1181 182 1234 ex
204 1156 257 1233 bis
282 1155 450 1232 omuibus
474 1158 667 1254 provinciis
686 1158 891 1233 calamitatis
916 1156 1025 1234 huius
1044 1181 1102 1235 er·

85 1322 109 1363 „
139 1291 217 1368 pers
239 1266 328 1355 fuit,
360 1264 421 1342 nili
448 1267 542 1349 forte
573 1265 655 1352 illa,
686 1291 764 1366 quae
789 1283 890 1344 antea
912 1267 988 1344 hoc
1011 1271 1104 1345 malo¹

82 1432 108 1475 ‚‚
139 1376 348 1456 tenebatur?
376 1377 482 1456 Solus
508 1401 555 1454 ex
584 1378 752 1456 omnibus
774 1377 941 1478 populus
966 1379 1101 1480 Cappa.

82 1545 109 1585 ‚‚
138 1489 243 1576 dor,
288 1513 521 1567 communem
555 1489 692 1566 cladem
733 1504 769 1565 et
804 1511 1003 1567 aerumnam
1031 1515 1102 1568 non

81 1652 109 1697 ,,
140 1600 259 1687 lenfit,
305 1624 412 1700 quem
448 1623 597 1697 magnus
629 1600 746 1676 noller
778 1619 1037 1700 propugnator
1059 1623 1101 1682 ex

82 1766 110 1806 a·
139 1714 306 1789 omnibus
332 1715 587 1789 tentationibus
613 1714 783 1810 eripuit,‚.
860 1710 966 1795 Hanc
990 1713 1048 1790 ille
1067 1716 1104 1792 in

86 1826 204 1922 prima
238 1823 350 1898 {latim
383 1821 613 1918 agreffione,
662 1846 768 1923 quam
803 1828 1102 1912 memoravimus,

86 1933 241 2010 celebrat
267 1925 471 2008 victoriam:
511 1957 620 2032 quam
644 1925 930 2010 codena-obora
958 1938 1104 2034 intrepi.

87 2042 154 2120 dus
192 2067 275 2119 oum
302 2042 375 2142 ipso
407 2045 631 2140 imperatore·
650 2041 806 2121 Valente
841 2050 919 2138 (ne
945 2047 1033 2146 quid
1063 2047 1104 2128 dt

87 2152 259 2232 conflictu
288 2156 338 2230 ol)
372 2153 519 2230 eandem
560 2153 715 2231 Nicaenae
751 2153 830 2233 fidei
858 2155 997 2234 caulam
1023 2181 1103 2234 cum

87 2277 294 2364 coquorum
328 2264 515 2363 praefello,
556 2267 617 2365 qui
646 2280 783 2344 tanturn
816 2290 889 2343 non
923 2272 1104 2368 praecipuo

90 2392 163 2452 erat
187 2376 281 2474 apud
308 2379 558 2474 imperatorem
585 2377 694 2461 loco,
726 2377 840 2454 dicam
853 2375 1102 2476 >cougrellur

87 2488 303 2586 reportavit,
333 2490 376 2562 ab
392 2485 470 2585 ipsas
484 2487 538 2563 his
558 2485 719 2564 laudatus
738 2490 905 2576 demum
937 2493 989 2565 ob
1005 2490 1102 2575 libera

87 2612 197 2677 tarem
225 2614 260 2674 et
285 2599 515 2675 constantiam
540 2598 709 2698 episcopo
725 2600 892 2696 dignam,
923 2599 1101 2686 hostibus,

86 2726 124 2788 et
152 2714 318 2790 reveritus
346 2711 391 2786 ab
422 2715 671 2809 imperatore,
714 2703 940 2794 etiamdum
980 2715 1102 2796 iterato
1140 2753 1142 2758 ·

88 2845 172 2901 cum
217 2824 263 2899 ab
286 2822 384 2898 altari
420 2834 630 2900 removeret.

144 2975 279 3061 Ne'lcio
296 3062 299 3073 ,
316 3006 360 3059 an
398 2979 530 3058 Valens
556 2982 624 3060 hac
653 2981 695 3062 in¹
719 2979 824 3059 fidem
859 2982 1100 3064 orthodoxam

87 3094 310 3180 inmunitate
347 3091 424 3195 plus
479 3090 638 3180 Ecclestae
686 3095 870 3174 catholicae
919 3099 1100 3183 nocuerit,

88 3226 201 3304 quam,
217 3226 262 3285 eo
286 3204 385 3311 quod
417 3194 592 3291 Gothus,
628 3221 805 3304 gentem,
836 3229 915 3308 quac
940 3207 1101 3307 deinceps

88 3312 281 3395 Orientem
295 3339 341 3398 ac
364 3312 602 3394 Occidentem
640 3340 723 3393 cum
754 3317 868 3402 Africa
896 3320 1101 3406 inundavit.
1141 3414 1144 3422 Ι

87 3423 193 3503 afide
218 3424 422 3513 catholica,
471 3430 528 3505 cui
558 3428 723 3506 hellenus
746 3427 873 3504 addilli
905 3446 1035 3520 erant,
1064 3427 1102 3506 ad

87 3535 233 3614 barreim
258 3537 425 3613 Arlanm
454 3534 661 3622 deflexerit,
700 3537 848 3638 Ulphila
881 3564 1013 3618 eorum
1036 3543 1105 3642 epi·

89 3647 201 3749 scopo
229 3647 426 3734 illecebris,
472 3663 508 3727 et
535 3650 753 3727 muneribustv
780 3649 953 3730 Eudoxlac
987 3655 1105 3731 uxoris

89 3757 252 3840 Valentis
277 3762 314 3840 iu
341 3782 499 3844 errorem
524 3760 704 3851 abducto,
746 3777 855 3865 ⁴atque
878 3762 1036 3853 Gothis,
1070 3776 1106 3844 ut

994 3900 1059 3962 CO-

133 4037 168 4120 a>
191 4041 212 4106 l.
228 4051 320 4106 contr.
343 4039 464 4107 Eanum.
488 4060 517 4123 p.
544 4049 621 4126 326„
