2400 4478
163 287 165 290 Α
203 164 353 342 Qum
380 223 509 319 christi
525 227 564 304 in
582 229 702 307 terris.
722 251 751 306 s.
765 227 954 332 XXXIX.
1028 243 1106 325 367

95 487 96 490 p
158 392 342 493 Deinceps
363 413 450 468 vero
467 370 584 470 seculo
612 385 771 493 sequenti
790 392 835 469 de
856 386 1108 470 Decretalibus

70 501 214 608 optime
232 508 363 582 meruit
387 507 562 602 imprimis
584 504 620 582 Si
640 502 879 606 Raymuudus
904 505 947 579 de
970 500 1110 580 Penna-

68 622 159 715 forti
177 617 379 718 Hispanus,
406 621 509 694 cuius
525 641 636 716 opera
654 617 734 695 ulus
750 618 799 694 est
817 615 1019 713 Gregorius
1039 613 1108 695 lX.

72 733 111 813 Ρ.
128 733 171 808 ad
190 726 409 828 'digerendos
435 730 546 805 libros
573 721 619 807 V.
653 726 920 813 Decretalium,
950 753 1025 803 non
1057 731 1111 804 in·

61 863 193 943 tegras
217 868 272 918 eas
309 867 412 917 more
443 842 722 940 precedentium
752 841 1037 941 compilatorum
1070 837 1112 916 sr-

72 960 199 1041 stens‚
249 951 306 1030 sed
329 949 449 1029 lelelia
479 957 593 1052 capita
627 953 822 1031 earundem
853 969 889 1028 et
916 951 1111 1030 decisiones

74 1083 230 1148 tantum.
283 1065 409 1158 Quod
444 1064 653 1164 exemplum
683 1065 807 1142 secutis
838 1064 911 1141 aliis
942 1068 1112 1164 deinceps

72 1171 308 1283 pontificibus
337 1177 563 1278 completum
589 1176 639 1254 est
657 1201 793 1276 corpus
814 1179 898 1254 iuris
918 1181 1110 1262 canonici,

76 1282 182 1392 quod
200 1315 217 1366 a
232 1286 391 1368 Luthero
404 1285 634 1367 combustum
653 1288 801 1390 quidem
819 1288 1110 1388 Witembergae,

77 1406 117 1479 in
146 1401 318 1478 catholica
347 1398 502 1478 Ecclesia
524 1425 611 1478 vero
646 1403 892 1478 auctoritatem
916 1401 1040 1477 habuit
1068 1399 1114 1478 ad

78 1516 241 1592 nostrum
278 1513 390 1612 usque
424 1533 552 1590 aevum.
619 1507 769 1591 Novum
803 1529 921 1590 tameo
960 1514 1113 1592 lustrum

76 1623 254 1725 superiori
273 1624 393 1702 leculo
411 1623 535 1703 xvir.
567 1620 752 1702 decretum
771 1625 932 1703 Gratiani
952 1627 1114 1702 obtinuit

75 1739 379 1839 percurreiiores
412 1735 620 1823 Romanos,
652 1741 713 1838 qui
748 1738 879 1814 eodem
917 1754 1111 1838 tempore,

62 1874 156 1951 -quo
182 1849 263 1926 Ant.
287 1848 507 1946 Augustinus
535 1848 698 1928 Gratiani
723 1851 968 1927 emendationi
988 1850 1112 1932 sedulo
1138 1865 1140 1869 ’

77 1963 272 2047 incubuit,
298 1981 341 2038 ‘a
367 1962 552 2059 Gregorio
582 1955 687 2040 Xlll.
732 1964 918 2039 constituti
951 1981 1109 2064 quatis,

68 2075 203 2176 *quoad
226 2073 344 2160 licuit,
368 2073 434 2149 suis
453 2073 658 2150 sudoribus
675 2073 905 2151 alletuerunt.
953 2074 1116 2174 Corpori

78 2186 168 2262 hnic
196 2188 290 2290 iuris·
306 2188 471 2263 canonici
495 2187 624 2285 partim
651 2184 797 2263 decreto
816 2182 1001 2273 Gratiani,
1035 2209 1115 2285 par-

78 2302 147 2374 tim
174 2300 280 2372 etiarn
302 2297 549 2387 decretalibus
591 2296 656 2376 ΡΡ.
684 2300 803 2375 inserti
842 2300 923 2377 lunt
955 2299 1118 2398 plerique

80 2433 211 2486 eorum
239 2428 421 2487 canonum
448 2407 721 2487 lateranenfiurn
749 2413 992 2488 conciliorum
1024 2435 1117 2508 gen.

82 2519 259 2606 mulium,
320 2545 476 2620 quurrrm
505 2525 571 2598 tria
603 2526 722 2621 priora
761 2512 935 2600 celebrata
971 2523 1119 2599 suerunt

81 2631 206 2709 leculo
227 2631 299 2710 hoc
320 2631 405 2710 Xll.
439 2637 597 2732 primum
625 2631 687 2711 sub
713 2633 924 2723 Calixtoll.
959 2639 994 2710 in
1017 2635 1118 2711 caula

76 2735 232 2847 ilenrici
256 2744 299 2820 V.
335 2748 560 2845 tyrannidem
584 2752 691 2845 patris
712 2753 746 2823 iu
768 2745 958 2824 Ecclesrarn
985 2747 1119 2824 Romus

74 2877 167 2957 nam
199 2860 375 2956 imprimis
419 2858 665 2959 prosequentis
691 2863 740 2936 ob
771 2860 983 2937 eleiiionem
1019 2863 1118 2936 inve·

72 2971 319 3070 stitnramqne
355 2971 612 3048 beneficiorum
651 2971 990 3056 ecclesiasticorum,
1043 2978 1119 3048 vin·

62 3086 198 3159 dicata
219 3081 377 3159 Ecclebae
408 3105 530 3177 earum
555 3081 727 3160 libertate.
790 3084 952 3163 Alterum
982 3085 1043 3160 sub
1063 3086 1120 3160 ln-

61 3200 259 3270 noceutio
276 3195 317 3272 ll.
350 3193 538 3271 occafione
559 3193 751 3273 schismatis
774 3201 810 3273 in
835 3193 983 3274 Ecclefia
1005 3197 1114 3274 Rom.

67 3323 103 3381 2
122 3307 313 3383 rebellibus
336 3309 472 3384 civibus
497 3305 648 3384 indudi:
671 3314 727 3385 cui
747 3301 901 3388 sedando
927 3307 1120 3387 lutharius

61 3414 174 3515 ‚lurp
191 3417 449 3496 etLudovicus
468 3414 531 3495 Vl.
550 3438 613 3495 rex
632 3419 755 3497 Galliae
774 3420 951 3499 strenuam
974 3447 1120 3520 operam

61 3585 74 3634 3
104 3535 367 3625 arpen-derunt:
389 3535 535 3608 testium
557 3532 617 3608 sub
636 3530 913 3613 Alexandrolll.
934 3538 1124 3635 postcom-

61 3638 221 3747 pontus
246 3638 390 3739 quidem
415 3668 500 3721 cum
533 3635 716 3722 Friderico
743 3641 767 3723 l.
801 3669 878 3735 res,
917 3652 960 3721 ad
984 3648 1122 3744 prolpi-
1179 3712 1182 3718 .

61 3753 260 3856 ttiendum
277 3770 364 3831 'vero
386 3760 420 3831 in
442 3757 561 3834 lutura
582 3773 768 3860 tempora,
800 3780 846 3835 ue
864 3758 1060 3834 hierarchia
1083 3757 1123 3834 sr-

61 3939 68 3958 ,4
90 3862 166 3942 nili
210 3861 407 3941 calamitate
439 3862 682 3968 affligeretur,
728 3887 839 3972 atque
863 3873 899 3945 iu
922 3870 1122 3946 libertatern

82 3975 267 4057 trndicata
290 3972 439 4058 Ecclefia
464 3982 620 4066 militaus
641 4002 797 4083 regnum
814 3981 946 4062 Christi
966 3986 1001 4058 in
1023 3990 1123 4079 terris

982 4095 1071 4194 legr-
