2400 4478
142 259 224 344 346
490 243 632 340 Ecclesia
654 210 811 325 militani

139 424 175 488 et
198 408 417 491 Gerbertum
435 411 803 512 paratragoediantur,
834 433 876 486 ac
890 404 1036 508 lugent
1064 433 1164 503 „om-

136 578 160 619 „
190 527 279 600 nino
303 523 452 602 infelicia
477 538 668 629 tempora,
700 522 829 622 quibus
850 526 1074 620 patrocinio
1095 525 1162 601 toto

136 688 159 730 „
189 636 400 714 frustrantur
420 635 582 712 ecclesie.
621 634 675 712 Ad
695 657 801 735 quam
821 633 1004 734 deinceps
1030 640 1161 714 urbium

136 801 159 840 „
188 748 391 844 fugiemus,
420 769 504 821 cum
527 750 692 843 omnium
710 748 873 844 gentium
895 747 1161 824 dominamhu·

135 906 158 951 „
190 848 300 934 hranis
317 854 491 933 etdivinis
513 857 714 938 destitutam
730 855 886 935 subfidiis
908 854 1108 939 videmur?
1122 860 1161 938 Ut
1193 912 1196 919 -

135 1017 159 1060 „
188 964 287 1044 enim
309 969 447 1068 planius
489 958 679 1055 dicamus,
740 969 934 1069 palamque
970 971 1153 1058 fateamur,

83 1125 87 1135 ’
135 1135 158 1173 ,,
188 1081 267 1180 post
298 1083 437 1182 imperii
474 1081 637 1158 occasum
671 1079 746 1160 hacc
770 1082 854 1158 urbs
885 1082 1151 1162 Alexandrinam

134 1237 158 1285 ς,
186 1191 561 1293 perdiditecclefram,
592 1191 855 1270 Antiochenam
877 1193 1024 1284 amisit,
1057 1213 1108 1284 et,
1127 1212 1159 1273 ut

136 1358 159 1398 „
186 1307 232 1381 de
253 1305 367 1383 Africa
385 1320 587 1390 taceamus,
630 1305 699 1402 ipsa
729 1307 812 1380 ianr.
835 1303 990 1406 Europa
1011 1309 1158 1386 discedit.

134 1471 158 1511 „
185 1417 279 1496 Nam
307 1416 498 1517 Cpolitana
523 1414 665 1495 ecclesia
692 1418 725 1492 ie
748 1415 933 1496 subduxit,
987 1417 1159 1497 interiora

131 1582 154 1626 ,‚
184 1528 357 1629 Hispania
376 1532 450 1606 eius
472 1528 597 1606 iudicia
616 1527 872 1606 nesciuntur
894 1552 986 1628 ergo
1004 1529 1156 1608 dilcelho

132 1695 156 1737 „
184 1641 376 1721 fecundum
395 1641 598 1738 apostolum
619 1664 693 1716 non
713 1639 955 1723 solummodo
975 1645 1133 1741 gentium
1144 1667 1169 1730 ,³

134 1809 157 1847 „
188 1754 373 1829 sedetiam
404 1750 639 1829 ecciefiarnm.
701 1750 889 1847 Quoniam
928 1759 1159 1833 cuiusmini·

135 1919 158 1959 „
189 1867 245 1940 stri
276 1863 406 1941 Gallias
424 1867 675 1961 occuparant,
704 1888 770 1939 nos
796 1887 950 1964 quoque
972 1871 1064 1958 totis
1084 1872 1163 1944 viri·

133 2026 156 2071 ,‚
186 1977 253 2054 bus
280 1991 469 2077 premunt,
500 1976 731 2052 Antichristus
759 1979 885 2052 instare
912 1978 1089 2068 videtur,
1132 1994 1159 2057 et

133 2144 157 2182 „
188 2104 228 2166 ut
244 2090 337 2165 idem
359 2088 538 2188 apostolus
556 2091 623 2163 ait:
653 2086 726 2165 lam
746 2088 954 2188 mysterium
977 2109 1156 2193 operatur,

134 2251 158 2294 ,-,
190 2217 346 2287 tantum,
366 2216 405 2276 ut
422 2205 483 2298 qui
498 2222 596 2276 nunc
610 2213 725 2284 tenet,
744 2216 878 2286 teneat,
896 2202 1027 2280 donec
1039 2208 1084 2284 de
1101 2227 1159 2282 me·

24 2358 27 2363 ,
133 2367 156 2405 ,‚
185 2314 247 2388 dio
264 2310 343 2398 fiat,
363 2325 402 2388 ut
416 2311 473 2387 ille
489 2313 697 2410 perditionis
717 2310 806 2387 filius
819 2313 1018 2404 reveletur,
1039 2319 1157 2418 quiad-

130 2482 153 2520 „
182 2423 353 2508 versatur,
375 2439 410 2500 et
430 2423 615 2499 extollitur
633 2423 732 2523 supra
750 2421 822 2500 Dei
838 2444 1003 2514 nomen,
1029 2429 1158 2532 Deiqut

131 2593 154 2628 „
183 2535 373 2617 culturam,
432 2534 550 2628 Quod
574 2539 641 2610 iam
663 2540 697 2612 in
714 2552 840 2635 aperto
865 2536 936 2633 lit,
972 2557 1018 2617 ut
1037 2531 1155 2620 Roma.

131 2704 154 2742 „
185 2672 228 2723 na
249 2649 409 2747 potentia
444 2645 695 2748 conquassata,
737 2649 914 2745 religione
945 2652 1153 2753 profligata,

131 2809 155 2855 „
184 2784 319 2836 nomen
335 2759 405 2838 Dei
430 2759 676 2859 frequentibus
699 2760 835 2835 iniuriis
863 2763 1024 2859 impune
1050 2769 1152 2843 humi·

132 2929 155 2966 „
184 2873 314 2949 lietur:
358 2869 462 2971 ipsius
484 2873 616 2947 divinae
648 2871 831 2970 religionis
869 2873 992 2951 cultus
1017 2884 1152 2956 etiamr

130 3040 154 3078 „
183 2983 327 3059 summis
346 2983 583 3061 sacerdotibus
600 2996 862 3060 contemnatur.
923 2985 1009 3086 lpsa
1024 2992 1152 3090 insuper

131 3149 156 3190 ,‚
185 3093 301 3172 Roma
324 3097 393 3174 iam
415 3118 507 3195 pene
532 3093 602 3170 fola
630 3093 769 3195 aseipfa
788 3094 960 3184 discedit,
993 3100 1086 3179 dum
1106 3127 1152 3179 ne.

132 3259 156 3300 „
174 3228 254 3306 xque
277 3205 339 3284 sibi
365 3230 482 3317 neque
505 3206 579 3282 aliis
604 3205 767 3292 consulit.
785 3262 818 3298 ‚,.
878 3206 968 3289 Haec
996 3227 1090 3293 tunc
1118 3233 1152 3292 er

130 3341 196 3396 ore
219 3318 408 3411 Gerherti,
438 3321 558 3419 postea
575 3317 726 3402 Silvestrl
742 3317 786 3430 ll⁸¹
817 3316 856 3397 P.
1030 3357 1032 3360 .

129 3572 176 3614 ,ε
215 3526 449 3608 Infeliciliima
477 3526 535 3607 illa
557 3529 684 3607 nostris
710 3531 935 3629 temporibus
971 3530 1154 3615 Boffuetus

128 3642 319 3748 respiciens
349 3656 540 3744 tempora,
570 3641 715 3719 schisma
747 3642 914 3721 Graecum
941 3643 1010 3724 iub
1039 3647 1156 3726 Leone

130 3754 196 3832 lX.
215 3771 297 3833 ante
310 3753 534 3853 Gregorium
550 3749 631 3832 Vll.
663 3751 896 3856 mediumque
912 3755 1077 3838 &culum
1092 3758 1153 3840 Xl.

79 3926 81 3931 ,
131 3866 361 3965 apatriarcha
396 3864 594 3967 Cpolitano
631 3863 810 3946 Michaele
843 3863 1039 3950 Cerulario
1069 3880 1155 3974 (pa-

132 3978 283 4096 triarcha
308 3977 574 4070 Antiocheno,
598 4007 605 4022 ·
629 3992 671 4059 ut
693 3977 791 4080 apud
812 3976 854 4058 P.
889 3975 947 4060 Le
975 3981 1105 4077 Quian
1121 3987 1155 4059 in

501 4129 503 4133 ,
960 4090 1105 4174 orient.
1191 4107 1194 4111 ’
