2438 4470
141 241 191 324 ὃς
198 234 221 312 8
504 216 648 316 Ecclefiu
676 216 836 299 militans

134 407 243 467 anno
272 403 388 478 1155.
420 380 619 462 Fridericus
644 365 812 461 comburi
836 380 948 467 ialin.
979 381 1114 458 omnia
1131 379 1181 463 illa

143 496 330 582 discordiae
348 497 480 574 semina
506 496 657 574 flammis
684 496 898 602 consumpta
927 491 1104 579 fuilsentl

229 656 354 745 Paucis
375 674 457 735 ante
486 661 586 734 annis
612 658 799 735 defundus
819 672 907 735 tuuc
936 670 1037 744 erat,
1059 653 1181 759 »Fride-

147 771 226 856 rico
247 774 316 844 iam
330 770 374 847 ad
396 770 536 849 clavum
561 769 719 854 sedente,
754 767 933 868 Eugenius
950 766 987 845 P.
1011 767 1061 845 ad
1081 791 1179 869 quern

149 883 185 960 8.
203 879 404 961 Bernardus
425 882 508 959 libb.
543 882 582 957 de
622 880 910 970 consideratione,
953 881 1063 957 [uum
1091 899 1181 958 antea

146 990 362 1093 discipulum
394 995 654 1081 instrudmus,
696 992 876 1094 scripserat
899 987 938 1080 u)
959 1015 1052 1069 cum
1080 992 1179 1070 literis

144 1105 190 1191 ad
210 1103 412 1206 Eugenium
437 1107 577 1208 ipsum,
605 1120 682 1200 tuna
705 1105 748 1182 ad
772 1128 923 1182 omnem
953 1108 1099 1182 curiam
1115 1104 1181 1183 llo

149 1239 316 1308 manam,
348 1221 498 1321 quando
526 1217 714 1316 elegerunt
734 1219 898 1294 abbatem
926 1215 1032 1295 hunc
1050 1218 1085 1297 S.
1100 1217 1182 1295 Ana-

147 1327 234 1405 stafii
262 1335 298 1407 in
323 1356 476 1431 papam,
517 1329 634 1406 eidem
654 1333 767 1406 amice
792 1329 1052 1428 exprobrans,
1083 1329 1181 1431 quod

147 1495 171 1533 ‚,
202 1441 370 1521 defundo
393 1444 535 1523 summo
562 1440 734 1542 pontifice
766 1455 915 1541 repente
945 1443 1123 1517 irruerent
1149 1444 1183 1518 iu

131 1605 172 1647 a>
202 1554 389 1631 hominem
407 1556 651 1641 rusticanum,
682 1555 805 1632 latenti
826 1555 1018 1630 iniicerent
1035 1576 1183 1629 manum
1216 1519 1219 1637 l

148 1718 173 1768 φ
205 1667 274 1753 &c
305 1667 364 1744 Sic
390 1691 465 1742 non
487 1681 561 1742 erat
583 1670 675 1742 inter
704 1689 769 1742 vos
793 1665 928 1765 sapiens
955 1679 995 1742 et
1017 1665 1183 1742 exercita-

146 1826 171 1877 ,
200 1793 276 1866 tue,
298 1782 355 1856 cui
376 1781 496 1877 potius
512 1779 571 1854 ista
588 1776 849 1856 convenirent?
870 1774 1085 1855 Ridiculum
1105 1801 1181 1877 pro

148 1941 173 1990 „
201 1889 293 1967 fello
315 1892 478 1976 videtur,
511 1889 709 1989 pannosum
736 1890 1038 1968 homuncionem
1066 1888 1180 1967 alluui

149 2052 174 2099 9
203 2003 244 2078 ad
258 2000 515 2104 praefidendum
538 2003 780 2102 principibus,
801 2000 844 2080 ad
863 2023 977 2099 regna
990 2015 1027 2077 et
1043 2004 1181 2102 imperia

149 2163 175 2216 ‚
206 2113 436 2215 disponenda.
496 2112 731 2202 Ridiculum,
770 2112 1092 2191 admiraculum?
1123 2113 1182 2192 Pla·

150 2275 175 2315 „
207 2251 251 2302 ne
271 2251 385 2304 unum
403 2224 546 2302 horum.
591 2225 678 2302 Non
697 2249 820 2325 nego,
842 2248 917 2302 non
937 2219 1099 2315 diffido,
1118 2223 1182 2327 pol·

150 2387 177 2428 ω
208 2339 240 2412 le
267 2336 367 2424 inille
390 2338 463 2415 hoc
483 2341 588 2416 etiam
610 2362 703 2437 opus
728 2337 823 2424 Dei,
855 2338 917 2435 qui
939 2331 1029 2414 lacit
1055 2339 1184 2414 mirabl-

150 2495 178 2544 ω
209 2450 253 2525 lia
273 2473 403 2548 magna
427 2448 540 2526 solus:
566 2451 757 2553 prael'ertim
787 2473 871 2526 cum
899 2448 1047 2536 audiam
1072 2452 1183 2551 usque·

77 2619 83 2624 -
151 2609 176 2650 e
207 2586 350 2664 quaque
371 2585 416 2638 ex
434 2586 498 2638 ore
523 2563 748 2647 multorum,
779 2562 954 2663 quoniam
979 2585 998 2636 a
1020 2560 1182 2641 Domino

150 2721 177 2780 Ρ
208 2675 337 2752 fanum
353 2670 411 2751 ¹est
432 2675 535 2752 istud.
594 2673 758 2751 Sed'nec
780 2697 852 2772 ego
876 2668 1016 2749 oblitus
1045 2674 1124 2752 sum
1145 2677 1184 2750 iu·

150 2832 179 2885 ‚a
208 2788 383 2864 diciorum
416 2784 485 2862 Dei
515 2789 748 2888 antiquorum
775 2799 811 2862 et
835 2785 1046 2883 scripturae,
1088 2787 1184 2888 pluri·

154 2948 178 2984 ‚‚
209 2921 288 2975 mos
309 2897 544 2985 recensentis,
576 2922 621 2976 ex
646 2900 781 2999 privata
801 2896 860 2975 sen
884 2900 992 2973 etiam
1020 2901 1183 2977 ruliicam

152 3053 179 3110 ρ
209 3014 278 3087 vita
302 3009 390 3087 olim
413 3007 586 3087 allumtos
608 3012 646 3085 in
677 3012 861 3089 voluntate
890 3006 1056 3087 Domini
1078 3013 1126 3091 ad
1145 3035 1182 3088 re·

152 3112 180 3221 ’μ
209 3122 369 3220 gendum
400 3123 579 3221 populum
610 3125 699 3200 eius.
756 3119 927 3222 Denique
955 3144 1092 3200 nonne
1122 3128 1182 3222 (ut

153 3271 179 3332 ρ
210 3259 323 3311 unum
347 3234 546 3333 epluribus
572 3229 803 3320 memorem)
838 3232 1092 3332 tali·quodam
1122 3258 1181 3314 nro

152 3389 179 3453 l’
209 3348 258 3421 do
277 3346 386 3443 elegit
406 3345 522 3422 David
544 3346 682 3424 lervum
702 3343 831 3431 suum,
862 3356 898 3421 et
926 3343 1085 3445 suscepit
1116 3369 1183 3426 eun

154 3505 179 3544 „
209 3459 254 3534 de
274 3458 445 3555 gregibus
462 3463 613 3544 ovium,
644 3476 679 3535 et
704 3456 749 3532 de
769 3455 1041 3556 postfoetantes
1060 3461 1179 3560 accepi

154 3615 179 3662 ,‚
210 3571 328 3658 eum?
359 3567 434 3655 lta,
466 3573 636 3670 inquam,
667 3571 714 3645 ita
740 3569 841 3645 etde
868 3569 993 3643 nostro
1029 3569 1178 3673 Eugeniu

157 3730 180 3769 „
211 3685 246 3769 in
267 3680 491 3779 beneplacito
511 3680 666 3759 Domini
680 3685 803 3782 potuit
816 3682 1044 3778 contingere.
1111 3684 1178 3762 Nou

155 3842 179 3882 „
210 3794 286 3882 sum
303 3791 444 3871 seculus
461 3809 600 3880 tamen,
631 3795 805 3894 quonlam
823 3791 912 3868 filius
932 3791 1114 3874 delicatus
1130 3795 1178 3876 est,

119 3913 133 3932 ’“
157 3956 181 3996 „
211 3920 246 3984 et
266 3920 387 3984 tenera
411 3907 625 3984 verecundia
650 3907 755 3995 eius,
797 3900 926 3983 allueta
961 3908 1093 4006 potius
1121 3908 1179 3986 otiu

979 4035 1143 4114 ’μί

201 4124 239 4202 a>
261 4124 318 4203 Ea·
345 4139 419 4204 23¹1·
434 4141 467 4202 r·-
484 4138 556 4198 aaa·
