2400 4478
181 235 333 312 regnum
360 208 490 305 Christi
511 211 551 289 in
565 202 700 289 terris.
718 189 752 288 εξ
768 205 896 291 XXII.
1012 232 1086 310 173
1156 187 1186 278 .⁸

61 437 80 474 ‚‚
109 375 313 462 festorum,
346 378 476 477 quibus
495 376 666 469 omnibus
692 375 811 473 civiles
840 377 936 456 adius
962 376 1095 455 admo-

61 549 78 585 „
108 490 197 569 dum
222 492 312 574 rari,
345 482 402 563 sed
427 486 750 564 dundemnationes
777 482 918 566 tantum
945 505 981 566 et
1004 507 1096 590 ptae-

61 661 79 696 ‚,
107 603 319 700 scriptiones
343 600 574 700 frequentes,
607 602 809 677 exatiiones
834 626 953 677 rerum
987 606 1096 680 innu-

61 773 79 808 ,,
108 709 357 797 metabilium,
390 736 466 787 non
488 712 602 788 dicam
623 714 777 798 crebrae,
808 711 866 789 sed
889 730 1093 815 perpetua,

61 885 81 922 ‚,
111 829 211 902 etin
240 826 490 901 exustionibus
518 826 656 903 iniurias
688 848 766 902 non
795 825 961 904 ferendas.
1020 827 1097 905 Ne·

61 997 83 1035 „
112 942 185 1040 qite
206 960 354 1038 quoque
389 929 533 1012 tolerari
559 933 727 1035 paisant,
756 959 836 1036 quae
855 938 899 1012 ad
921 940 1097 1017 exhibeti-

61 1109 83 1147 „
112 1053 180 1128 dos
212 1051 342 1125 milites
375 1046 573 1147 spedant.·-
602 1048 701 1126 idem
734 1047 921 1127 insatiabili
952 1054 1099 1147 avaritia

61 1222 82 1258 „
110 1163 295 1240 thesauros
320 1183 506 1261 nunquam
537 1163 652 1238 minui
675 1161 847 1249 volebat3
875 1161 934 1237 sed
957 1162 1098 1263 semper

61 1331 82 1371 „
109 1275 411 1354 extraordinarias
435 1296 523 1370 opes
551 1296 593 1349 sc
621 1274 830 1370 largitiones
861 1278 1096 1372 congerebat,

61 1404 154 1484 „ut
189 1410 229 1462 es
262 1410 340 1486 quae
380 1386 622 1471 recondebat,
663 1388 805 1483 integra
846 1408 888 1460 ac
927 1387 1099 1465 inviolata

62 1552 84 1596 „
113 1501 278 1577 servaret.
351 1495 452 1574 Idem
488 1520 571 1574 cum
608 1499 712 1572 variis
743 1499 993 1596 iniquitatibus
1031 1503 1100 1575 im-

62 1669 84 1707 „
112 1611 271 1688 mensam
295 1609 428 1686 faceret
453 1612 661 1697 caritatem,
693 1609 811 1707 legem
833 1611 958 1710 pretiis
976 1634 1100 1688 terunt

63 1780 85 1820 ,‚
114 1723 296 1802 venalium
324 1723 474 1798 statuere
499 1735 651 1798 conatus
683 1721 743 1797 est.
801 1719 913 1799 Tunc
940 1722 992 1800 ob
1021 1726 1100 1800 exi·

63 1895 85 1933 „
112 1861 217 1939 gua,
268 1849 306 1912 et
345 1835 424 1909 vilia
472 1833 609 1911 multus
648 1831 789 1933 sanguis
828 1832 988 1923 effusus,
1031 1856 1102 1914 nec

62 2003 84 2045 ,‚
112 1947 238 2027 venale
273 1946 473 2048 quidquam
509 1962 610 2022 metu
642 1946 862 2047 apparebat,
901 1960 939 2024 et
972 1949 1101 2027 caritas
1138 1948 1140 1952 ⁴

63 2119 86 2158 ,‚
115 2060 235 2140 mutto
271 2061 427 2136 deteri-us
465 2055 615 2145 exatfit,
651 2058 774 2136 donec
804 2058 869 2134 lex
897 2057 1101 2137 neceffitate

63 2231 85 2269 ‚,
113 2173 187 2276 ipsa
209 2173 296 2272 pust
331 2172 534 2250 multotum
566 2170 718 2247 exitium
746 2169 954 2249 solveretur.
1012 2168 1102 2249 Huc

63 2345 84 2380 „
114 2286 305 2364 accedebat
332 2281 474 2359 infinita·
495 2282 656 2384 quadam
686 2283 863 2382 cupiditas
888 2280 1100 2372 aedificandi,

66 2456 88 2493 „
117 2423 195 2475 non
219 2401 344 2472 minor
363 2398 636 2495 provinciarum
659 2395 798 2472 exadio
829 2399 865 2470 in
889 2394 1104 2474 exhibendis

65 2563 86 2605 „
115 2512 307 2610 operariis,
339 2524 375 2584 et
401 2508 619 2592 artificibus,
652 2523 687 2582 et
715 2506 876 2606 plaustris
905 2509 1105 2596 omnibus-⁸

65 2680 86 2718 ,‚
116 2644 344 2724 quascunque
368 2617 434 2697 sust
468 2617 683 2696 fabricandis
707 2621 880 2717 operibus
902 2616 1101 2696 neceiiaria.

65 2791 86 2830 „
115 2733 189 2814 Hic
224 2731 395 2819 bafiiicae,
437 2730 497 2806 hic
540 2734 689 2816 circus,
728 2731 789 2806 hic
832 2743 1002 2816 moneta,
1039 2728 1105 2810 bic

64 2903 86 2941 ,,
114 2868 302 2924 armorum
325 2845 477 2929 fabrica,
509 2841 570 2918 hic
597 2844 704 2920 uxori
733 2842 894 2930 domus,
923 2840 986 2919 bic
1006 2840 1101 2923 fitiae.

63 2959 280 3057 „Repente
317 2982 397 3056 pars
437 2957 587 3032 civ-itatis
621 2948 851 3032 exceditut.‘
891 2950 1104 3054 Migrsbant

64 3122 85 3166 „
116 3096 246 3150 omnes
264 3094 355 3146 -cum
384 3070 606 3166 coniugibus
635 3091 676 3143 ac
705 3067 863 3154 libetis„
884 3067 984 3168 *quast
1014 3071 1105 3147 urbe

65 3238 86 3277 „
115 3187 160 3260 ab
187 3183 348 3259 hostibus
374 3195 521 3279 capta„
579 3179 666 3257 Silet
688 3178 747 3255 hic
771 3179 926 3281 thermas
951 3184 1105 3258 immen-

66 3296 90 3372 fi
122 3321 216 3397 pene
250 3297 398 3396 operis,
443 3296 574 3393 quibus
610 3293 861 3370 construendis
890 3293 1103 3376 christianos

67 3409 255 3488 damnatus
277 3407 531 3487 conse-dutum
559 3405 615 3495 se,
647 3405 816 3507 sperabat.
