2400 4478
121 217 172 298 η
468 194 611 294 Eccleiiu
639 197 799 281 militent
889 140 891 145 ·

123 368 240 449 verbis
269 363 389 467 pausis
418 355 488 438 illis
514 363 662 464 quidem
693 367 738 442 de
756 362 886 445 eodem
916 383 1161 468 argumento.

120 500 162 564 ut
185 481 367 562 videmus,
398 479 607 564 continuit,
639 477 674 552 id
704 478 823 554 multo
850 485 963 578 magis
985 486 1164 574 veteribus

123 595 192 674 iliis
220 589 451 688 scriptoribus
480 587 601 664 sanstis
626 587 787 665 Patribus
805 593 1010 669 iaciendum
1038 596 1078 672 in
1100 597 1164 676 hac

124 706 270 783 materia
293 699 388 785 fuit,
420 716 487 776 nec
511 701 623 787 dum,
654 718 695 777 ut
716 705 762 777 ita
780 702 922 790 diram,
953 705 1162 800 eviscerata,

121 821 298 914 seriisque
314 812 530 910 imaginibus
548 811 700 912 stiloque
726 813 944 913 prophetico
969 817 1161 911 involuta,

122 926 278 1028 nequid
308 927 518 1010 temerarie,
563 927 759 1000 autetiam
789 929 950 1005 acerbius
974 929 1019 1005 de
1048 933 1161 1032 impe.

121 1045 164 1117 rii
189 1039 282 1116 illius
306 1035 385 1112 satis
417 1056 457 1111 ac
489 1037 750 1134 imperatorum
782 1033 939 1126 Romu,
989 1038 1160 1142 sangnine

120 1150 314 1230 christiano
345 1150 543 1234 manantis,
574 1143 697 1222 dixisse
721 1149 953 1238 viderentur,
984 1153 1053 1229 iisis
1075 1179 1160 1255 pre·

120 1265 241 1343 sertim
269 1260 494 1357 temporibus
524 1258 813 1359 persecutionum
841 1261 905 1339 sub
933 1264 1159 1364 imperatori·

119 1379 188 1453 bus
212 1373 407 1475 gentilibus
429 1371 479 1446 ob
497 1366 739 1456 christianam,
771 1372 825 1447 vei
845 1377 949 1450 etiam
980 1374 1043 1454 sub
1068 1379 1158 1456 chri·

119 1490 237 1567 stianis
274 1487 524 1562 baereticorum
551 1482 668 1559 causas
686 1486 904 1581 agentibus,
927 1489 978 1563 ob
1005 1489 1158 1567 catholi-

118 1625 198 1678 cam
228 1597 373 1682 fidem,
425 1591 513 1670 dum
551 1597 693 1670 interim
724 1596 916 1677 eberbatis
950 1604 1156 1682 nationibus

116 1712 234 1792 Roma
261 1711 318 1785 illa
345 1710 548 1808 premitur,
598 1730 640 1784 ac
668 1707 810 1784 tandem
838 1708 1000 1810 oppressa
1033 1711 1157 1793 succu-

113 1826 215 1908 buit,
263 1836 302 1899 ut
350 1819 383 1894 8.
411 1816 563 1894 loannes
591 1836 712 1918 aperte
732 1819 951 1920 praedixitin
975 1822 1035 1902 sua
1058 1831 1154 1926 Apo·

112 1931 255 2036 calypfi.
320 1928 403 2008 Post
450 1927 525 2006 haec
574 1945 694 2005 autem
746 1936 868 2010 omnia
916 1933 1066 2015 Sanitos
1117 1941 1154 2016 in

113 2050 216 2125 coeio
259 2043 382 2122 Deum
410 2041 456 2118 de
486 2042 559 2117 hoc
592 2041 729 2120 iudicio
767 2042 1014 2143 glorificantes
1050 2050 1155 2129 indu·

115 2163 187 2246 cit,
232 2172 268 2234 et
296 2168 462 2232 canentes
493 2150 648 2229 Alleluia.
707 2153 833 2243 Solus,
871 2169 906 2232 et
932 2155 1086 2250 Gloria,
1120 2172 1154 2237 et

114 2273 235 2348 uirtus
259 2268 332 2344 Deo
356 2263 468 2354 roliro
484 2261 528 2351 esi
542 2290 550 2339 :
566 2268 648 2361 quio
668 2285 756 2342 vera
771 2279 805 2343 et
825 2266 912 2357 iulio
927 2271 1061 2362 iuditia
1068 2271 1153 2372 sunt

114 2386 217 2471 eius,
249 2384 310 2478 qui
328 2378 504 2454 iudicavit
531 2377 572 2452 de
596 2382 780 2456 meretrice
804 2403 959 2478 magno,
990 2407 1064 2479 quae
1079 2408 1153 2461 ror.

114 2499 215 2593 rupit
243 2507 380 2569 terrum
407 2493 446 2566 in
477 2483 721 2586 prostitutione
747 2490 840 2587 sun,
889 2505 923 2570 et
952 2494 1152 2576 vindicavit

106 2608 319 2709 ,sanguinem
334 2603 527 2703 servorum
540 2600 691 2700 suorum
711 2602 751 2679 de
777 2603 940 2684 munibus
954 2609 1057 2686 eius

168 2789 281 2891 Supra
309 2787 509 2866 audivimus
530 2783 741 2864 clamantes:
773 2775 926 2863 Vindice
939 2778 1150 2887 sanguinem

112 2901 296 2990 noiirnm,
337 2899 396 2977 88.
424 2895 602 2997 Martyres
630 2899 692 2975 sub
717 2898 853 2976 throno
874 2897 972 2986 Dei,
1016 2904 1148 2981 iudicer

110 3040 244 3113 nempe
267 3018 304 3089 in
335 3036 451 3110 regno
482 3008 555 3087 Dei
575 3027 610 3086 et
637 3010 793 3106 Christi3
824 3011 911 3117 ¹rium
941 3036 1012 3091 nos
1035 3021 1087 3093 rei
1114 3027 1147 3093 et

111 3142 316 3231 peccatores
342 3125 456 3200 adbuc
486 3125 523 3198 in
541 3137 633 3199 terra
653 3122 796 3220 alonge
815 3123 943 3200 stantes
966 3149 1051 3204 cum
1084 3151 1146 3228 pu·

108 3245 252 3320 blicano
280 3259 354 3314 non
377 3235 440 3312 nisr
468 3237 668 3336 propitium
698 3238 804 3311 nobis
833 3229 956 3313 Deum
980 3239 1145 3339 implore·

108 3377 212 3436 mus,
261 3374 301 3426 ac
334 3352 448 3445 ignari
482 3348 698 3423 iudiciorum
730 3344 800 3423 Dei
824 3347 959 3448 (quod
987 3348 1144 3429 fecerunt

106 3465 226 3545 adhuc
245 3465 280 3537 iu
297 3464 363 3537 hac
381 3467 450 3535 vita
469 3474 640 3558 martyres
660 3481 808 3559 quoque
824 3461 996 3560 exemplo
1023 3462 1057 3539 S.
1073 3462 1143 3540 Ste-

109 3580 217 3679 phani
258 3568 568 3671 protomartyris)
612 3574 717 3646 etiam
753 3595 820 3672 pro
859 3573 1140 3671 persecutoribus

106 3708 209 3770 orare
236 3686 431 3769 debemus,
462 3698 499 3757 et
528 3681 716 3780 deplorare
744 3679 833 3759 mala
857 3687 1000 3782 generis
1024 3686 1140 3762 huma·

105 3809 171 3891 ni,
205 3815 315 3900 prout
344 3794 555 3893 exemplum
581 3792 753 3872 babemus
782 3814 895 3894 porro
915 3793 997 3897 post
1022 3789 1138 3879 Rome

101 3918 334 4002 testationem
361 3911 397 3985 in
414 3906 448 3987 8.
464 3897 704 4008 Hieronymo.
744 3898 815 3985 Etsr
838 3906 921 4010 'ipse
940 3908 1048 3987 etiam
1072 3905 1141 3986 tn·
