2400 4478
449 248 850 338 PRAEFATIO.

137 430 215 515 tre,
252 408 374 499 finem
402 407 595 495 ultimum
627 433 767 496 rerum
802 409 991 497 omniurn
1054 408 1164 496 rose·

138 521 350 638 oriendum
374 523 416 609 in
439 519 611 610 Ecclefia
637 517 831 608 militante
858 547 987 639 regno
1016 435 1164 611 ghristi

136 636 181 724 in
204 635 339 729 terris,
359 633 599 744 absorptum
615 630 739 720 veluti
751 690 764 726 ,
793 633 905 746 quod
921 633 972 716 ad
993 630 1105 718 hunc
1118 633 1166 721 fi-

136 770 234 836 nern
258 746 421 840 attinet,
466 745 576 830 iuxta
596 739 852 855 prophetiam
874 741 1049 833 Danielis
1070 745 1165 833 reli-

136 881 220 969 qua
239 854 382 946 mundi
398 881 543 967 regna:
561 877 776 968 totumque
792 881 919 960 genus
938 855 1166 945 humanum

136 965 188 1056 ad
207 964 326 1053 finem
351 963 470 1056 suurn
492 963 681 1054 ultimum
706 963 877 1078 gloriam
899 967 1164 1060 Dei,‚intime

136 1103 235 1168 cnm
254 1075 440 1187 felicitate
459 1079 593 1167 nostra
608 1078 650 1160 in
664 1104 794 1190 regno
809 1078 956 1167 Christi
976 1076 1102 1167 hicet
1121 1083 1165 1169 in

30 1192 39 1227 '
76 1252 81 1265 .
135 1210 334 1283 aternmn
358 1190 642 1283 coniunctam,
667 1212 931 1278 revocatum:
958 1217 980 1276 a
1004 1217 1092 1303 quo
1114 1191 1168 1276 fi·-

135 1327 209 1397 ne,
237 1304 309 1421 qni
329 1298 512 1390 deflectat
524 1302 566 1383 in
583 1325 711 1410 regno
728 1298 875 1389 Christi
896 1298 1164 1400 theocratico,

136 1414 323 1526 quisquis
347 1410 415 1497 ille
437 1412 508 1508 fit,
537 1411 695 1499 civitate
716 1410 793 1496 Dei
816 1410 994 1510 excidat,
1041 1412 1164 1529 atque'

135 1526 309 1614 extorris
332 1522 400 1617 fit,
427 1551 553 1720 ptam
574 1522 687 1612 exS.
711 1523 941 1636 Augustino
961 1523 1165 1636 descripsi.

135 1660 273 1723 mus:
317 1633 440 1723 deseri
473 1661 673 1753 emurque
706 1641 795 1721 hoc·
823 1636 953 1745 opere-
987 1662 1163 1748 regnum

136 1742 285 1834 Christi
309 1745 351 1827 in
377 1746 492 1831 terris
515 1748 559 1832 in
585 1742 772 1832 universo
792 1744 948 1832 mundo
970 1749 1165 1832 constitu-

137 1876 250 1949 tum,
279 1855 632 1970 instructumque,
647 1857 791 1940 vicaria
812 1854 920 1940 illius
941 1859 1165 1969 potestate,

137 1964 222 2076 Qpi
247 1962 341 2050 dicit
364 1966 476 2074 regi,
503 1961 691 2076 apostata,
717 1967 784 2078 qui
811 1985 927 2052 vocat
951 1967 1065 2053 ducet
1095 1971 1164 2055 im·

133 2085 219 2198 pios
232 2104 258 2189 ,⁸
282 2076 347 2187 qui
371 2104 445 2162 non
474 2076 609 2187 occepit
621 2070 798 2191 personas
811 2076 1022 2186 principum
1031 2107 1054 2189 ,·
1095 2105 1164 2166 nec

136 2190 314 2297 cognovit
340 2204 566 2293 mannum,
593 2213 676 2271 cum
693 2184 911 2295 disceptaret
928 2205 1059 2270 contra
1066 2209 1169 2298 pau.

131 2320 271 2421 perant.
302 2298 390 2386 lob.
413 2298 598 2387 XXXIV.
632 2311 694 2396 18·
753 2297 969 2388 ‘Pertinent
999 2295 1083 2384 nac
1111 2299 1167 2386 ad

138 2411 303 2502 alteram
323 2406 431 2494 illam
446 2411 647 2497 civitatem
672 2433 870 2497 terrenam
887 2407 939 2499 de
954 2408 1119 2522 qualib.
1134 2411 1164 2500 1.

137 2549 174 2610 c.
197 2555 231 2614 1.
248 2544 289 2608 et
311 2557 349 2612 a.
369 2521 411 2613 S.
428 2522 706 2634 Augustinus,
731 2584 753 2620 ‚‚
768 2545 865 2607 corn
886 2519 1011 2632 (ait)
1029 2518 1165 2606 domi-

137 2700 162 2740 „
188 2635 273 2719 nari
300 2634 472 2749 appetit,
515 2631 584 2718 etfi
611 2629 753 2743 populi
780 2629 977 2729 serviant,
1018 2630 1099 2742 ipsa
1126 2634 1164 2719 ei

139 2743 421 2853 „dominandi
452 2741 580 2829 libido
610 2742 853 2830 dominator.
870 2807 880 2826 .
1002 2743 1064 2828 Ex
1089 2742 1165 2832 hac

137 2921 161 2968 2,
189 2883 337 2968 nempe
359 2855 531 2940 existunt
554 2856 724 2948 inimici,
752 2852 939 2942 adversus
964 2881 1066 2968 qnos
1092 2853 1166 2944 de-

136 3033 160 3072 ,,
189 2964 390 3058 fendenda
422 2968 479 3057 est
514 2965 592 3051 Dei
622 2967 786 3053 civitas:
822 2991 1001 3083 qnorum
1032 2989 1167 3056 tamen

136 3144 160 3185 „
189 3077 306 3168 multi
330 3101 513 3163 correcto
541 3077 754 3188 impietatis
783 3104 943 3175 errore,
984 3079 1094 3167 cives
1121 3076 1166 3165 in

134 3254 159 3301 ‚‚
187 3217 235 3282 ea
257 3188 363 3281 fiunt
387 3188 477 3282 satis
503 3186 640 3279 idonei
654 3250 691 3289 „.
1153 3190 1161 3201 '

220 3365 479 3459 Occafionem
495 3366 536 3452 S.
551 3365 825 3482 Augustinus,
852 3365 1034 3452 hortante
1051 3364 1167 3454 Mar-

135 3477 282 3565 cellino
311 3480 482 3574 comite,
523 3477 718 3568 scribendi
745 3480 914 3588 arripnit
936 3505 987 3564 ex
1012 3477 1167 3567 calom-

135 3593 213 3678 niis
236 3587 472 3709 gentilium,
499 3590 571 3703 qui
597 3589 833 3678 calamitates
857 3589 1039 3706 publicas
1056 3593 1166 3677 chri·-

135 3705 337 3791 stianismo
366 3699 619 3830 tribuebant,
649 3727 694 3787 ut
718 3700 847 3844 palam
867 3701 911 3786 lit
932 3727 984 3786 ex
1000 3700 1165 3814 epistola

135 3811 1163 4120 &gonllsloarricaelgpkuegtlffigiilnblblitspepQgcrlp

1064 4061 1110 4123 os
