2400 4478
434 188 831 274 PRAEFATIO.

120 346 186 435 dei
211 338 405 462 mysteriis
427 342 643 433 Mahumet
668 343 763 431 inde
782 346 1028 436 occafionem
1047 352 1151 438 arri-

150 486 259 556 eret,
299 485 344 542 ea
370 450 554 541 funditus
576 454 782 542 evertendi
804 484 903 560 cum
923 460 1011 571 ipio
1040 461 1154 549 chri·
1193 514 1196 561 2

158 569 447 665 'anonomine-‚
472 590 593 680 atque
616 567 829 653 Ecclesiam
843 596 917 682 per
937 572 1154 665 Orientem
1184 622 1196 673 .;

120 681 296 793 latiffime
321 680 523 792 patentem
543 672 812 790 pessumdaret
835 678 1021 792 pestilens
1045 684 1153 777 secta
1178 710 1196 793 ⁴³.

118 819 213 882 cum
230 789 315 903 ipso
333 791 530 902 imperio,
558 789 673 904 quod
693 789 897 904 hodieque
922 818 1030 880 tenet
1045 822 1149 910 gens

118 901 303 1016 Scythica
339 899 405 986 illo
432 901 667 989 Turcarum
694 901 794 1015 Gug
821 904 862 987 e't
880 894 1008 1017 Mago
1052 964 1073 1004 ‚-
1097 907 1155 995 de
1186 886 1196 971 l

120 1015 271 1130 quibus
290 1013 381 1127 post
398 1009 610 1122 Ezechiel.
625 1013 896 1100 XXXVlll.et
911 934 1093 1104 ΧΧΧῗΧ.
1107 1019 1154 1109 8.
1185 1028 1196 1085 ¹

119 1128 286 1214 loannes
309 1128 438 1251 Apoc.
458 1125 545 1209 XX.
570 1154 608 1229 7.
636 1123 739 1320 guid
762 1124 988 1213 timendum
1006 1128 1052 1214 stt
1068 1129 1151 1217 Ec·
1167 1142 1196 1199 ·=

120 1238 249 1326 clefiae·
273 1234 457 1322 milrtanti
482 1258 611 1346 regno
676 1232 786 1322 hristi
812 1239 853 1322 in
882 1241 997 1324 terris
1021 1267 1153 1354 expo-

118 1350 245 1448 suit‚·
266 1349 520 1462 posteaquam
551 1343 748 1432 revelatus
787 1342 945 1446 fuerit,
992 1351 1149 1464 iniquus
1184 1370 1196 1425 :

121 1464 210 1562 ille,
237 1487 345 1575 quern
370 1459 556 1545 Dominus
580 1455 683 1564 Iesur
701 1453 899 1556 interficiet
911 1458 1054 1573 spiritu
1071 1465 1152 1551 oris
1185 1484 1196 1539 :

111 1572 198 1685 sui,
224 1591 262 1658 et
288 1568 449 1677 destruet
476 1565 719 1676 illustratione
738 1568 933 1657 adventur
950 1570 1030 1682 sui.

72 1746 74 1749 ’
203 1731 267 1822 De
293 1729 538 1819 Antichristo
566 1729 633 1816 hic
659 1733 749 1843 ogit
774 1730 1005 1844 apostolus,
1032 1738 1152 1823 cuius
1191 1832 1196 1841 ,

120 1843 422 1955 antefiguanum
457 1841 667 1926 Neronem
705 1841 769 1926 his
798 1844 932 1930 verbis
961 1843 1150 1960 indigitat

119 1956 306 2077 proxime
329 1948 685 2038 antecedentibus:¹
711 1951 822 2035 Nam
847 1951 1051 2061 mysterium
1075 1959 1153 2042 iam

122 2084 297 2184 operatur
311 2062 548 2174 iniqus'tatis:
573 2078 743 2185 tentum,
758 2079 823 2155 ut,
838 2066 905 2254 pai
920 2085 1021 2147 tener
1035 2092 1155 2167 nunc,

121 2195 276 2274 teneat,
302 2171 416 2258 donec
438 2169 485 2254 de
505 2169 622 2253 madro
633 2169 722 2281 fiat.
778 2171 840 2256 Ve
871 2171 965 2258 hinc
986 2179 1154 2261 atrocis-

122 2291 217 2378 fima
241 2279 312 2371 ‘illa
348 2280 578 2368 retunditur
607 2282 830 2368 criminatio
863 2310 1035 2381 eorum,
1074 2292 1150 2398 qui

122 2428 207 2492 non
225 2418 416 2482 verentur
430 2392 582 2477 Christi
602 2394 644 2476 in
663 2393 777 2476 terris
794 2395 988 2483 vicarium
1005 2397 1153 2484 Roma-

34 2538 37 2547 ’
56 2584 77 2617 ,.
123 2539 224 2601 num
241 2503 478 2705 pontificem
497 2501 773 2589 antichristum
792 2503 947 2603 dicere,
974 2508 1025 2595 D'.
1043 2507 1150 2597 Petri

88 2694 92 2705 .
123 2626 239 2721 succe
272 2642 403 2705 orem:
423 2639 547 2730 quem
564 2618 705 2728 utique
724 2615 856 2727 ipsum
875 2616 1039 2720 (horret
1054 2618 1153 2706 scri·-

19 2748 27 2770 ⁸
124 2738 221 2825 bere
240 2730 440 2824 calamus)
459 2723 735 2840 apostolorum
750 2728 1003 2842 principem,
1030 2731 1153 2845 super

123 2873 249 2981 quem
274 2841 456 2927 Christus
473 2835 679 2929 aedificavit
700 2836 912 2926 Ecclesiam
929 2837 1068 2938 -suam,
1094 2868 1151 2930 at.

40 2968 43 2973 ’
125 2963 290 3051 ttneret,
332 2951 433 3037 dum
461 2946 559 3036 dicit
593 2946 818 3061 apostolus:
867 2952 923 3036 Ur
953 2952 1021 3062 qui
1046 2970 1150 3037 tenet

19 3075 24 3084 ’
124 3095 244 3168 nunc,
265 3081 411 3160 teneat,
438 3059 553 3146 donec
563 3057 610 3144 de
629 3058 746 3144 medio
748 3057 846 3158 fiat,
873 3060 986 3176 quod
1000 3059 1051 3147 de
1069 3065 1152 3149 Ro-

63 3184 69 3189 ’
124 3183 231 3270 mani
247 3176 404 3290 imperii
420 3175 647 3287 principatu
663 3169 855 3258 intellexit
869 3173 1151 3260 continuaEc.

124 3292 247 3382 clefiae
272 3286 484 3374 traditione
506 3285 637 3367 omnis
660 3307 767 3368 retro
790 3306 901 3371 aetas:
930 3283 1031 3369 dum
1059 3288 1151 3398 post

125 3401 293 3520 gentiles
322 3397 460 3512 paffim
489 3397 607 3480 etiam
633 3397 835 3506 principes
856 3394 1054 3482 christiani
1085 3393 1148 3480 fe-

124 3514 266 3605 rebant
292 3505 455 3596 tutelam
488 3530 529 3591 et
555 3508 821 3618 patrocinium
850 3505 1150 3620 emergentibus

124 3652 223 3716 tunc
242 3619 423 3734 undique
446 3644 496 3703 ex
520 3613 656 3702 inferis
676 3615 909 3712 haeresrbus,
935 3618 1084 3731 quibus
1101 3616 1152 3703 fi-

127 3739 197 3827 des
212 3735 264 3822 de
276 3733 480 3819 divinitate
496 3726 663 3823 Christi,
690 3729 1006 3840 mysteriumque
1019 3730 1151 3818 lucar.

127 3848 296 3947 nationis
322 3840 612 3959 impetebatur,
638 3837 794 3928 dicente
821 3839 861 3930 S.
874 3841 1019 3928 loanne
1039 3841 1150 4039 ppili
