2400 4478
75 169 86 343 J
168 214 475 323 regnantium
508 224 548 298 n
566 214 677 301 urm
695 248 723 302 c.
745 214 930 311 Xttmli
986 235 1068 342 ψ’

27 411 93 469 ros
123 395 185 466 ant
205 386 388 473 ethnicos,
420 401 481 462 aut
505 384 691 464 haereticos
714 384 782 465 elle
798 391 903 479 dicit,
933 387 979 472 de
999 398 1066 477 suo

26 519 201 600 tempore
236 498 400 598 loquitur
430 495 657 574 adolescente
691 501 861 580 nimirum
910 497 973 583 sec.
1014 508 1063 589 V.⁴

29 637 111 716 quo
135 611 296 712 plerique
328 623 428 685 erant
448 607 586 684 Ariani:
617 633 748 710 nempe
768 635 812 688 ex
837 624 1064 701 commercio
1100 613 1101 617 ‘

32 748 121 803 cum
137 723 277 801 Arianis
307 718 481 797 Romanis
521 719 583 796 sub
624 722 931 821 imperatoribus,
969 752 1065 832 quos

36 839 265 920 notavimus,
294 833 478 909 titianilmi
499 834 680 929 patronis,
726 833 782 910 leu
805 851 845 911 ut
864 839 958 916 idem
989 844 1065 920 Sal.

34 951 159 1029 cianus
191 943 230 1038 u)
248 947 410 1045 loquitur
441 943 481 1019 de
498 941 649 1020 Romani
683 943 877 1040 magisterii
894 957 1065 1046 proditu..

31 1069 95 1145 tc,
126 1079 236 1156 agens
256 1058 299 1132 de
328 1054 521 1132 Wandalis
545 1070 581 1133 et
610 1055 771 1133 Gothis:
799 1059 844 1135 de
863 1062 990 1158 quibus
1007 1066 1065 1145 his

31 1168 192 1250 lhdorus
211 1174 248 1245 in
264 1168 441 1245 chronico
480 1223 502 1258 ‚,
520 1165 684 1252 Gotur,
715 1166 732 1262 (
749 1167 848 1255 ait‚)
871 1173 916 1247 ad
936 1163 1063 1258 llirum

31 1332 55 1376 „
88 1283 213 1358 bifarie
247 1285 281 1356 in
305 1279 520 1375 Fridigerno
548 1293 585 1354 et
619 1277 824 1357 Athalarico
853 1280 951 1359 divili
983 1286 1066 1368 lunt

31 1445 54 1488 „
88 1395 245 1490 regibus.
304 1391 374 1468 Sed
404 1389 634 1485 Fridigernus
667 1388 905 1468 Athalaricum
932 1391 1066 1474 Valeri..

32 1555 56 1598 „
90 1505 137 1580 tis
164 1504 280 1578 Ariani
298 1503 522 1597 imperatoris
553 1499 688 1576 auxilio
711 1497 899 1599 superans,
918 1504 1067 1586 tuanen.

33 1667 57 1709 „
91 1632 130 1690 te
153 1614 282 1689 eodem
302 1613 339 1686 in
361 1610 468 1687 huius
491 1606 652 1686 beneficii
676 1615 826 1708 gratiam
848 1636 893 1690 ex
913 1615 1066 1696 catholi.

34 1778 58 1821 „
91 1724 301 1802 coritianos
318 1745 402 1798 cnm
422 1723 523 1796 omni
539 1736 650 1821 gente
666 1720 880 1802 Gothorum
898 1727 1063 1822 effeetus,

35 1887 60 1931 „
92 1859 251 1911 errorem
276 1833 415 1910 secutus
439 1832 488 1908 est
511 1853 638 1909 eornm
659 1881 700 1924 „a
748 1831 808 1911 De
837 1835 891 1913 his
921 1838 955 1917 8.
975 1839 1083 1920 Grea'

37 1951 168 2048 gorius
196 1938 449 2024 Nazianzenus
478 1939 517 2031 d)
543 1942 685 2049 locutus
724 2001 747 2037 „
770 1949 832 2046 qui
853 1967 942 2036 nos,
987 1955 1067 2048 (in.

38 2110 63 2152 ‚,
93 2055 197 2158 quit)
226 2057 321 2132 belin
356 2051 544 2145 lacellunt,
586 2055 746 2142 barbari,
790 2076 881 2158 quus
909 2053 1068 2146 Trinitas

36 2179 60 2264 „⁴
92 2168 204 2246 soluta
230 2167 430 2244 coniunxit.
491 2164 595 2260 Quin
631 2166 704 2243 hoc
735 2190 882 2270 quoque
915 2179 1067 2277 uomina

37 2334 61 2378 „
93 2282 329 2358 sceleratiores
351 2277 498 2363 sumus,·
537 2279 635 2377 quod
667 2303 742 2355 non
762 2295 904 2360 exteros
926 2290 1064 2376 exteri,

35 2450 59 2486 ‚,
88 2416 157 2470 nec
194 2397 345 2491 ignotos
378 2391 494 2488 ignoti
525 2392 634 2487 (quae
662 2414 719 2466 res
755 2393 922 2470 nonnihil
955 2402 1067 2478 etiam

10 2552 59 2600 -,,
92 2504 325 2583 calamitatem
358 2497 482 2587 levat)
523 2518 648 2577 verum
678 2518 744 2578 nos
779 2504 874 2604 ipsos
908 2524 1066 2599 mutuo,

38 2671 61 2710 „
94 2632 132 2693 et
154 2613 249 2715 quah
284 2613 467 2690 domestici
495 2611 709 2693 domesticos
739 2615 984 2713 populamur,
1030 2634 1072 2698 et

37 2784 61 2822 ‚‚
93 2725 329 2811 incedimus,
383 2738 444 2800 aut
474 2720 497 2796 si
530 2724 662 2808 mavis,
709 2725 867 2801 eiusdem
903 2735 1070 2827 corporis

37 2897 61 2934 „
85 2839 255 2914 membra
279 2835 522 2912 consumimus
540 2834 713 2920 invicem,
744 2851 853 2936 atque
888 2841 1070 2934 consumi‹
1171 2893 1178 2902 ⁴

37 3008 62 3045 „
94 2973 178 3026 mur
193 2999 224 3040 ‚‚.
286 2947 458 3026 Immania
473 2944 581 3029 sunt,
607 2965 685 3044 quae
705 2947 872 3048 deinceps
890 2950 1070 3054 persequi«

39 3079 103 3141 tut
125 3061 338 3138 Asianorum
358 3059 513 3134 facinora
540 3071 648 3155 atque
666 3053 885 3136 crudelitatis
908 3082 1070 3159 genera,⁴

40 3173 108 3251 sub
138 3170 299 3261 Valentis
326 3171 496 3244 nimirum
525 3169 696 3267 imperio,
728 3170 915 3271 postquam
946 3165 1071 3255 Gothi

40 3310 101 3362 an.
131 3302 220 3375 377.
246 3280 425 3358 insolutae
451 3281 545 3376 pacis
566 3301 713 3376 poenam
738 3278 930 3372 Thraciam
952 3306 1072 3388 popu.

41 3397 105 3474 lati
132 3394 234 3478 sunt,
267 3394 384 3493 pollea
405 3413 422 3466 a
450 3388 660 3469 Theodollo
686 3389 844 3480 devitiis
861 3392 920 3473 led
942 3398 1073 3478 identl.

40 3509 130 3586 dem
160 3504 224 3604 ipss
247 3511 283 3581 in
310 3505 451 3602 imperii
477 3501 604 3578 viscera
623 3504 731 3579 etiam
752 3507 865 3583 acciti.

131 3664 218 3760 Qua
240 3661 284 3741 de
305 3683 343 3742 te
361 3656 605 3741 memorabilis
626 3656 824 3744 admodum
851 3661 901 3745 eil
926 3661 959 3745 S.
988 3665 1075 3745 limi

43 3774 158 3856 btolli
181 3777 329 3877 epistola
352 3773 387 3864 c)
412 3774 464 3861 ad
480 3773 773 3881 Valentinianum
796 3774 912 3879 imp..
943 3800 1011 3878 qua
1039 3782 1073 3856 ei

42 3888 156 3971 Tum.
191 3888 217 3968 1.
362 3883 363 3888 ‘
553 3883 606 3984 Q
866 3887 1020 3984 legatio·

90 4082 126 4156 a)
144 4072 193 4141 tii.
212 4070 247 4141 t.
262 4088 287 4144 e.
307 4088 334 4157 t
377 4072 410 4155 i)
422 4072 502 4142 orat
523 4084 571 4156 33.
585 4084 611 4142 n
627 4082 658 4142 i·
670 4087 699 4157 p.
715 4069 786 4151 den
828 4076 862 4153 e)
882 4064 919 4139 t.
932 4080 958 4140 ε’.
971 4085 1001 4157 p.
1015 4081 1078 4156 888
