2400 4478
174 252 177 259 ·
254 235 406 315 regnum
430 207 562 310 turim
575 215 616 293 in
633 208 755 297 terris.
774 236 804 296 c.
821 209 908 297 XX.
972 320 976 326 ι
1023 241 1100 317 153

70 374 273 462 vindicaret
287 403 302 468 ’,
342 378 622 480 iollauuretque
644 401 799 478 regnum
819 380 857 480 io
876 379 1108 483 redemptore

70 492 201 572 nostro
229 489 429 571 exsemine
456 490 634 569 Abraham
663 491 732 586 (in
753 513 829 592 quo
854 490 1110 574 benemcendae

71 618 176 686 erant
198 625 327 681 omnes
356 598 514 701 gentes)
541 614 578 681 et
605 603 711 703 stirpe
734 601 877 691 David,
908 619 1106 704 regnaturo

71 720 111 796 in
134 715 251 794 domo
281 711 391 792 Iacob
416 717 453 790 iu
478 728 678 792 eternum:
727 729 838 816 prout
857 713 934 793 haec
962 716 1111 818 mystice
1181 798 1187 805 ,

71 828 158 910 lunt
190 826 279 905 ditia
305 841 342 903 et
366 827 490 927 typice
510 823 735 925 praefigurata
763 829 801 903 in
828 821 1024 907 theocraria
1050 820 1110 910 illa

74 942 206 1020 veteris
232 939 433 1016 testamenti
463 937 562 1037 apud
592 937 737 1016 eletlam
773 949 864 1016 tunc
896 935 1110 1022 Hebraicaru

74 1075 123 1132 ex
141 1050 351 1128 Abrahamo
375 1061 523 1148 gentem
546 1073 558 1144 3
616 1073 680 1150 per
708 1049 891 1128 Christum
917 1061 1037 1129 autem
1073 1053 1111 1132 in

75 1164 147 1242 iuis
193 1161 378 1260 Apostolis
416 1175 453 1239 et
489 1184 620 1240 eorum
655 1157 911 1240 successoribus
955 1162 1112 1244 instituta

75 1273 276 1355 hierarchia
298 1317 321 1362 ,·
357 1286 633 1374 prorogatoque
669 1295 786 1372 regno
820 1267 1044 1352 theocratico
1067 1277 1112 1361 ad

77 1410 209 1465 omnes
234 1400 395 1485 gentes,
439 1385 719 1484 universumque
747 1405 864 1482 genus
891 1380 1110 1476 humanum,

74 1511 264 1602 quotquot
286 1499 394 1576 etiam
412 1509 496 1576 ante
514 1494 699 1575 Christum
719 1496 910 1596 participes
938 1495 1021 1574 sunt
1036 1499 1112 1578 eius

78 1610 343 1710 redemptionis
364 1630 406 1684 ac
430 1611 556 1705 regni,
586 1609 625 1683 in
648 1607 759 1684 veteri
783 1606 996 1685 testamento
1027 1632 1114 1708 pro-

76 1719 186 1809 miffi.
218 1736 254 1797 et
277 1722 315 1796 in
336 1742 436 1796 novo
456 1717 682 1819 insanguine
703 1713 836 1798 Christi
863 1740 929 1820 per
952 1735 1112 1799 mortem

79 1849 117 1913 et
142 1832 438 1909 resurrectionem
469 1829 564 1907 luam
592 1831 779 1910 constituti
806 1831 845 1907 ln
872 1827 1022 1909 Ecclella
1047 1833 1114 1910 rul-

78 1946 205 2024 litante
227 1948 270 2022 in·
291 1945 392 2020 terris
411 1957 447 2020 et
468 1940 715 2042 triumphante
738 1955 913 2021 aeternum
930 1942 966 2022 in
985 1945 1110 2023 coelis:

78 2057 104 2134 fi
129 2071 250 2139 tamen
273 2054 333 2132 hic
355 2056 391 2133 in
408 2077 531 2153 agone
555 2053 874 2142 contenderimus,
892 2076 935 2132 ac
951 2055 1115 2154 legitime

79 2169 336 2248 certaverimus
355 2165 469 2246 futuri
487 2165 674 2244 consortes
692 2178 729 2242 et
748 2164 953 2244 cohaeredes
965 2168 1041 2246 eius
1058 2191 1114 2245 re-

79 2283 173 2382 gni,
208 2303 248 2359 ac
279 2280 468 2378 participes
496 2276 693 2379 aliquando
717 2279 825 2356 etiam
851 2276 1112 2358 resurrellloois
1180 2310 1184 2315 ·

80 2391 244 2472 eiusdem
268 2393 304 2467 in
324 2413 429 2466 carne
449 2389 530 2490 poll
546 2389 835 2467 consummatum
851 2385 941 2468 illud
957 2413 1112 2490 reguum

79 2501 243 2598 Ecclesiae
273 2502 456 2578 militantis
487 2503 525 2576 in
552 2502 655 2587 terris
680 2502 717 2576 iu
746 2504 1011 2580 communione
1038 2501 1114 2580 san-

82 2617 225 2695 llorum
243 2609 402 2692 Ecclefiae
427 2611 681 2709 triumphantis
704 2611 741 2688 in
764 2611 890 2700 coella.
920 2611 965 2688 de
984 2636 1059 2712 quo
1078 2611 1113 2690 S.

79 2726 239 2808 Ioannes
256 2725 373 2825 Apoc.
392 2746 467 2823 cap.
486 2720 582 2803 XX.
602 2738 644 2803 ut
662 2723 878 2804 notavimus.
923 2719 1113 2825 Perperam

78 2861 172 2921 vero
187 2837 287 2926 sunt,
318 2837 381 2937 qui
401 2834 491 2912 illud
512 2834 632 2912 adhuc
649 2836 687 2911 ln
717 2836 821 2912 terris
844 2831 1113 2915 instaurandum

79 2952 225 3054 sperant
249 2971 294 3027 ex
326 2947 498 3028 sententia
518 2944 765 3030 Chiliastarum
793 2944 958 3045 priorum
981 2945 1116 3029 leculo-

82 3084 195 3163 rum3
226 3059 284 3139 led
303 3059 522 3159 procliviore
540 3057 639 3159 lapsu
656 3059 882 3158 temporibus
904 3055 973 3136 illis
995 3057 1120 3162 prellae

82 3170 270 3266 Ecclesrae,
297 3171 478 3271 plerisque
503 3171 609 3248 etiam
633 3187 681 3248 ex
704 3170 830 3270 primis
852 3167 913 3249 SS.
933 3169 1113 3260 Patribus,

83 3289 227 3367 utiam
260 3283 554 3370 observavimus.
608 3281 731 3384 potius
768 3288 929 3382 regnum
952 3280 1114 3379 Ecclellsc

84 3397 291 3482 militantis,
335 3410 446 3500 prout
470 3397 507 3471 in
537 3392 736 3473 libertatem
758 3392 977 3494 vindicatum
998 3394 1114 3493 halle-

85 3507 354 3608 ousldec'urrit,
381 3528 456 3612 prae
472 3504 590 3589 oculis
618 3504 876 3588 habentibus.¹
