2400 4478
265 174 419 267 regnam
439 163 569 263 carisii
585 168 625 247 ia
643 168 764 250 serris.
781 191 812 251 c.
824 163 911 252 XX
1029 185 1120 276 145¹

68 337 186 438 Super
209 329 419 411 christianos
448 327 580 412 scilicet
607 345 776 433 tempore
811 332 1106 432 persecutionum

66 446 241 549 oprimis
292 445 519 546 temporibus
554 449 591 520 in
633 440 822 522 Ecclesiam
873 436 1106 535 sevientium.
1154 534 1157 539 ,

67 555 115 644 At
131 557 225 636 vidit
253 557 359 634 etium
384 555 508 657 postea
535 556 570 634 S.
589 553 1046 665 loannesa)aliudsgaum
1064 567 1110 658 ire

68 669 150 750 arelo
162 667 335 764 magnum
351 677 386 744 et
401 663 585 759 mirabile,
615 665 911 767 angelasfaptem‚
942 660 1112 756 habentes
1173 706 1177 714 ·

65 780 191 884 plagas
199 777 335 880 septem
357 775 573 873 novissmam
604 783 768 876 quoniam
786 786 827 857 in
850 783 920 859 iilis
949 783 1108 886 conjura.

68 905 166 975 mata
183 887 229 984 eli
246 895 307 969 ira
320 887 401 969 Dei.
430 889 477 973 Er
496 888 536 983 b>
552 887 642 970 abiit
666 892 806 990 primas
833 902 867 969 et
887 891 1008 991 effudit
1024 900 1109 996 phi·
1175 896 1179 907 ’

67 1005 162 1088 alam
177 1003 286 1102 suam
308 1005 531 1092 interram,
558 1013 593 1081 et
605 999 745 1104 sosium
761 999 806 1094 esi
822 1002 953 1084 aeuus
966 1007 1107 1106 seuam
1178 1064 1181 1069 -

67 1113 298 1216 etpefflmum
313 1114 354 1192 ia
375 1113 554 1206 homines,
584 1117 646 1214 qui
667 1112 844 1193 aaaebanr
866 1116 1107 1200 charesierem

66 1227 194 1322 sessa,
224 1236 259 1304 et
275 1228 316 1303 in
329 1224 413 1314 eas,
443 1228 506 1324 qai
531 1226 775 1306 adoraverunt
795 1230 989 1326 imaginem
1011 1236 1106 1314 eiust

67 1343 310 1446 Imperatores
349 1340 509 1437 primurn
549 1340 797 1443 persecutores
836 1336 998 1422 Ecclesiae
1029 1348 1109 1442 (ut

66 1455 200 1536 velex
233 1448 420 1529 Latiuntio
448 1449 616 1531 discimus
655 1454 693 1528 in
725 1451 821 1529 libro
849 1453 895 1530 de
925 1457 1108 1536 mortibus
1137 1525 1139 1530 ,

66 1559 373 1672 persecutorum)
402 1562 607 1644 tumetium
627 1564 667 1640 io
690 1559 898 1644 Romanum
912 1567 1109 1669 imperium

64 1678 241 1760 maximis
268 1674 384 1779 plagis
405 1673 599 1754 affectum:
647 1697 730 1776 que
760 1675 811 1752 ilii
838 1677 988 1780 quidem
1016 1693 1110 1760 tuoe

63 1790 242 1890 religioni
262 1787 458 1865 christianae
474 1786 717 1897 imputabunt,
748 1802 789 1867 ut
807 1812 854 1866 ex
880 1787 920 1868 S.
931 1789 1110 1894 Cypriani

63 1904 164 1982 libro
190 1898 233 1976 rie
253 1896 472 1976 mortalitate
499 1899 690 1989 discimus,
720 1899 953 2003 eiusdemque
973 1905 1109 2006 episto-²

63 2016 97 2096 lo
117 2011 353 2117 apologetica
373 2009 417 2091 ud
440 2007 681 2094 Demetrium.
723 2011 861 2114 Aperte
878 2011 995 2112 sigillo
1015 2015 1109 2097 dum

64 2149 188 2230 equus
224 2122 323 2202 rufus
355 2136 580 2223 comparet,
633 2119 668 2214 c)
698 2124 971 2220 equiferum
995 2117 1112 2225 fiper,

65 2239 193 2325 issum,
220 2234 361 2327 'datam
387 2230 431 2324 esi
459 2237 510 2325 ei,
552 2244 591 2312 aa
601 2231 761 2335 sumeret
777 2249 901 2334 pacem
920 2237 962 2314 de
981 2240 1114 2331 terrai
1185 2266 1189 2273 ·

65 2345 228 2432 Ecclefie
252 2349 423 2426 nimirum
449 2369 514 2449 per
542 2345 698 2438 Arium.
743 2362 784 2428 ut
804 2347 1022 2429 Pastorioius
1051 2353 1108 2429 in·
1145 2376 1150 2385 ·
1183 2352 1187 2361 '

65 2473 315 2564 terpretatur,
369 2459 560 2561 potestque
589 2461 636 2538 de
664 2459 802 2561 relique
834 2464 940 2540 etiarn
968 2471 1110 2543 caterve

66 2572 326 2667 hereticorum
341 2566 472 2669 accipi,
501 2573 565 2670 qui
581 2593 705 2672 pacem
721 2568 881 2650 ece-reue
896 2575 1113 2668 turbarunt3.

66 2687 149 2766 imo
184 2682 292 2760 etiarn
330 2680 377 2760 de
411 2679 537 2762 ludaeis
581 2685 778 2784 primarum
813 2681 1109 2783 persecutionum

68 2797 344 2885 incentoribus,
382 2805 423 2872 aa
450 2797 604 2872 inuicem
614 2791 658 2897 se
681 2792 924 2892 interficiant.
954 2805 989 2873 et
1006 2794 1113 2875 datae

69 2907 117 3002 esi
143 2911 177 2985 ei
198 2904 344 3008 gladius
367 2928 545 3003 magnam
594 2907 695 3009 quod
720 2903 935 2986 Pastorirrius
964 2905 1011 2988 de
1036 2906 1114 2991 Im.
1172 2941 1178 2957 f

70 3020 319 3125 peratoribus,
348 3015 495 3118 aliisque
515 3018 622 3097 huius
643 3017 749 3098 seculi
772 3021 984 3121 potentibus
1010 3018 1112 3100 Aria-

71 3154 212 3233 uorum
230 3132 391 3231 patronis
408 3129 587 3231 intelligit
645 3128 807 3210 Tertium
825 3155 912 3209 uero
929 3132 1115 3233 epocham·

70 3244 263 3328 coustituit
286 3245 322 3318 in
343 3241 470 3320 Romae
494 3240 724 3345 Romanique
752 3246 892 3346 imperii
913 3243 1115 3347 depopuluJ

70 3361 177 3437 tione
207 3371 243 3433 et
266 3352 582 3434 dismembratione
612 3353 678 3432 sec.
696 3351 745 3432 V.
781 3370 818 3434 et
836 3352 908 3437 VL'
933 3379 998 3460 per
1021 3380 1114 3457 gen·

69 3478 127 3549 tes
148 3468 315 3545 barbaras
336 3464 457 3558 'satim
512 3470 766 3569 interpretatus
790 3490 927 3569 equuus
959 3469 1111 3559 rusum.

70 3600 187 3685 quem
216 3575 253 3656 S.
271 3577 422 3656 loannes
447 3577 537 3657 vidit
564 3595 690 3680 aperto
710 3577 828 3680 sigillo
856 3585 989 3671 tertio,
1033 3580 1117 3660 Ala·

71 3695 195 3773 ricum
220 3687 432 3769 Gothorum
468 3713 620 3790 regem,
670 3693 708 3768 in
739 3716 816 3793 quo
844 3691 930 3772 Beo.
966 3687 1115 3773 Bosiuer

71 3799 226 3885 subsistit
245 3857 257 3890 .
301 3801 479 3881 exhaustis
506 3801 617 3882 ueluti
643 3801 778 3907 septem
792 3808 852 3885 irae
874 3804 947 3884 Dei
965 3801 1113 3906 phialis.

74 3908 187 3998 Tora.
219 3912 247 3992 Ι.
532 3992 534 3996 .
609 3911 645 3995 Κ
1016 3935 1060 3993 uc

115 4025 151 4104 a)
175 4019 271 4101 spec
286 4014 355 4093 XV.
415 4021 452 4101 b)
472 4017 564 4101 spec.
580 4017 664 4087 xvi.
681 4038 712 4089 r.
774 4026 808 4104 ο)
829 4021 922 4110 spos·
935 4015 988 4096 ss.
1191 4077 1194 4082 .
