2400 4478
129 237 207 311 172
489 208 636 307 Eccleiia
662 210 824 291 militans

120 438 144 472 „
171 380 249 457 face
261 376 382 454 homo
396 380 558 475 pecunia
573 378 745 479 cupidus,
760 392 797 455 et
808 378 965 454 veritatis
976 377 1154 456 inimicus.

121 550 146 587 „
173 494 338 575 avaritia,
373 509 413 566 ut
435 493 547 585 rapiat
563 515 714 582 aurum3
743 493 944 590 impietate,
966 506 1009 567 ut
1024 488 1158 568 auferat

120 663 145 701 „
174 602 407 692 Christum„
447 600 551 677 Nihil
565 601 744 679 crudelius
765 605 1035 702 immaniusque
1051 626 1158 681 exco-

121 719 229 820 gitari
259 716 399 813 potuit,
428 737 536 812 quam
572 718 704 814 quibus
723 713 757 791 S.
783 712 1002 794 Vincentius
1025 714 1156 794 Caeiar·

121 828 340 927 augustanus
364 825 540 901 diaconus
562 827 709 906 affetius
732 827 782 902 est
803 828 1042 905 cruciatibus:
1072 827 1155 904 dum

121 934 312 1043 episcopus
347 938 428 1014 inus
463 935 628 1015 Valerius
673 937 778 1017 iimul
821 962 906 1015 cum
956 937 1154 1018 Vincentio

121 1050 428 1153 comprehensus,
460 1050 550 1127 nihii
584 1074 744 1153 corpore
775 1048 914 1149 paffus,
946 1066 1090 1128 tantum
1120 1055 1153 1129 in

121 1166 272 1244 exilium
295 1163 364 1239 fuit
382 1160 523 1248 miiius,
556 1178 596 1239 ut
619 1167 656 1238 in
674 1162 757 1239 attis
781 1161 924 1239 [interis
947 1166 1046 1263 apud
1072 1162 1151 1242 Rui.

118 1298 266 1355 narrum
284 1276 410 1374 legare
444 1275 504 1350 en
554 1275 682 1353 Mirari
702 1299 791 1351 uero
817 1274 952 1350 detinet
971 1274 1152 1354 aurifitim

121 1395 161 1467 in
177 1392 465 1488 imperatoribus
481 1387 632 1465 ethnicis
652 1410 855 1493 eorumque
872 1412 936 1487 per
954 1392 1153 1487 provincias

119 1503 446 1605 procuratoribus,
476 1506 538 1601 qui
568 1501 796 1581 exaiiionum
828 1501 1058 1601 publicarum
1089 1504 1152 1577 im·

119 1619 332 1690 manitatem
354 1612 575 1715 perspexerit
601 1626 772 1711 vergente
795 1611 989 1711 prasertim
1015 1616 1087 1688 iam
1108 1614 1151 1688 ie-

121 1728 208 1804 cuio
236 1729 372 1809 tertio,
403 1748 491 1800 cum
519 1726 655 1799 barbari
682 1749 745 1823 per
769 1727 975 1826 provincias
996 1726 1151 1825 undique

120 1842 320 1920 irruerent,
340 1832 522 1933 effentque
549 1838 763 1913 creberrima
798 1836 908 1922 belia,
951 1836 1067 1913 veluti
1093 1837 1149 1914 iub

122 1947 359 2030 Diocletiano
386 1944 489 2020 fimui
509 1948 545 2019 in
563 1946 710 2032 Galliis,
743 1946 941 2039 Britannia,
975 1946 1147 2037 Oriente,

121 2060 315 2160 AEgypto,
354 2073 390 2133 et
433 2057 570 2133 Africa:
611 2061 714 2158 isque
756 2084 841 2137 cum
883 2077 954 2136 tres
989 2076 1149 2162 praeterea

121 2176 228 2270 regni
265 2169 315 2246 sui
347 2167 480 2245 ieciffet
512 2169 725 2258 consortes,
766 2175 860 2247 inter
893 2195 988 2272 quos
1024 2174 1150 2251 reditus

120 2300 223 2360 erant
254 2281 458 2380 partiendi,
490 2279 690 2357 saevissimus
716 2282 993 2360 christianorum
1023 2286 1146 2372 bostis,

119 2390 383 2480 laetantiou),
413 2395 541 2469 orbem
569 2409 670 2470 terrae
699 2392 804 2472 simul
840 2406 874 2469 et
909 2398 1149 2485 avaritia,et

119 2508 314 2587 tinriditnte
342 2502 547 2583 subvertiffe
581 2507 733 2592 dicitur,
762 2563 784 2599 „
815 2508 1088 2605 multiplicatis,
1114 2521 1148 2584 ui

118 2679 143 2717 „
172 2626 247 2706 uit,
291 2620 528 2704 exercitibus,
572 2642 657 2701 cunr
699 2616 827 2716 finguii
869 2643 1003 2697 eorum
1045 2622 1147 2721 longe

118 2791 143 2829 „
174 2736 350 2809 maiorem
381 2754 575 2808 numerum
606 2729 763 2805 militurn
793 2730 925 2812 habere
952 2734 1146 2811 contende-
1186 2774 1192 2783 ·

118 2903 144 2939 ,‚
173 2862 275 2930 rent,
306 2867 414 2942 quarn
445 2847 584 2941 priores
614 2845 792 2942 principes
823 2842 1049 2932 habuerant,
1072 2848 1145 2924 cunr

118 3015 143 3052 ‚‚
174 2956 238 3036 [oli
273 2955 532 3057 rempublicam
565 2969 743 3053 gererent
803 2955 905 3034 Adeo
939 2961 1059 3035 maior
1091 2956 1148 3037 etse

120 3127 144 3164 „
174 3082 337 3167 coeperat
365 3091 538 3149 numerus
560 3068 815 3172 accipientium
842 3092 951 3166 quarn
977 3070 1146 3156 dantium,

120 3239 144 3277 „
174 3198 214 3257 ut
244 3183 461 3256 enormitate
494 3178 758 3265 inditiiouum,
786 3180 993 3257 consumtis
1022 3184 1148 3267 viribus

120 3352 145 3387 „
172 3292 395 3370 colonorum
412 3291 658 3369 desererentur
684 3294 786 3390 agri,
817 3307 852 3369 et
872 3294 1024 3372 cuiturae
1042 3312 1146 3379 vertt·
1192 3304 1194 3343 ⁵

119 3465 144 3500 „
174 3422 298 3480 rentur
324 3407 362 3480 iu
391 3402 522 3478 silvam.
581 3401 626 3480 Et
659 3419 699 3480 ut
730 3410 853 3480 omnia
882 3421 1028 3484 terrore
1056 3430 1149 3486 con-

121 3577 145 3613 „
175 3518 385 3616 plerentnr,
415 3518 613 3616 provinciae
634 3539 784 3614 quoqne
810 3521 847 3591 in
868 3517 976 3596 frusta
995 3521 1150 3604 concisa,

118 3690 141 3726 „
173 3627 281 3705 multi
305 3624 469 3726 presides
495 3639 531 3702 et
553 3627 654 3726 plura
681 3625 800 3705 officia
820 3626 974 3727 fingulis
996 3635 1148 3734 regioni·
1192 3728 1194 3735 Ι

117 3803 142 3839 „
171 3743 261 3825 bus,
292 3762 333 3815 ac
373 3762 466 3836 pene
496 3742 571 3814 iana
599 3741 799 3817 civitatibus
834 3746 1038 3832 incubare,
1070 3751 1145 3824 iten

118 3916 143 3953 ,‚
172 3851 363 3940 rationaies
393 3851 524 3938 multi,
556 3864 598 3928 et·
631 3855 816 3952 magistri,
845 3869 882 3932 et
921 3860 1043 3936 vicarii
1071 3881 1145 3958 pm
1187 3898 1194 3945 ,-

160 4075 195 4153 a)
216 4071 255 4134 de
276 4081 363 4139 nort,
389 4066 497 4148 perses.
523 4087 554 4147 p,
581 4086 649 4148 ¹9¹·
787 4026 795 4043 ⁹
1055 3971 1106 4053 fe·
1172 4078 1194 4403 ί
